%YAML 1.1
%TAG !u! tag:unity3d.com,2011:
--- !u!1 &168672
GameObject:
  m_ObjectHideFlags: 0
  m_PrefabParentObject: {fileID: 0}
  m_PrefabInternal: {fileID: 100100000}
  serializedVersion: 5
  m_Component:
  - component: {fileID: 423392}
  - component: {fileID: 5488678}
  - component: {fileID: 11497722}
  - component: {fileID: 114393734779816712}
  m_Layer: 0
  m_Name: Bullet (Orange)
  m_TagString: Untagged
  m_Icon: {fileID: 0}
  m_NavMeshLayer: 0
  m_StaticEditorFlags: 0
  m_IsActive: 1
--- !u!4 &423392
Transform:
  m_ObjectHideFlags: 1
  m_PrefabParentObject: {fileID: 0}
  m_PrefabInternal: {fileID: 100100000}
  m_GameObject: {fileID: 168672}
  m_LocalRotation: {x: 0, y: 0, z: 0, w: 1}
  m_LocalPosition: {x: 0, y: 0, z: 0}
  m_LocalScale: {x: 1, y: 1, z: 1}
  m_Children:
  - {fileID: 4486609251204290}
  - {fileID: 4309806473837276}
  m_Father: {fileID: 0}
  m_RootOrder: 0
  m_LocalEulerAnglesHint: {x: 0, y: 0, z: 0}
--- !u!54 &5488678
Rigidbody:
  m_ObjectHideFlags: 1
  m_PrefabParentObject: {fileID: 0}
  m_PrefabInternal: {fileID: 100100000}
  m_GameObject: {fileID: 168672}
  serializedVersion: 2
  m_Mass: 1
  m_Drag: 0
  m_AngularDrag: 0.05
  m_UseGravity: 0
  m_IsKinematic: 0
  m_Interpolate: 0
  m_Constraints: 0
  m_CollisionDetection: 0
--- !u!114 &11497722
MonoBehaviour:
  m_ObjectHideFlags: 1
  m_PrefabParentObject: {fileID: 0}
  m_PrefabInternal: {fileID: 100100000}
  m_GameObject: {fileID: 168672}
  m_Enabled: 1
  m_EditorHideFlags: 0
  m_Script: {fileID: 11500000, guid: 56e3e1137edbc451cb49194c20f50913, type: 3}
  m_Name: 
  m_EditorClassIdentifier: 
  deathDuration: 0.15
  _stage: 0
  stageStart: 0
  duration: 0
  monitor: 0
  poolRefScript: {fileID: 0}
  fxScript: {fileID: 0}
  faceVelocity: 1
  damage: 10
  damageRadius: 0
--- !u!1001 &100100000
Prefab:
  m_ObjectHideFlags: 1
  serializedVersion: 2
  m_Modification:
    m_TransformParent: {fileID: 0}
    m_Modifications:
    - target: {fileID: 0}
      propertyPath: m_UseGravity
      value: 0
      objectReference: {fileID: 0}
    - target: {fileID: 0}
      propertyPath: m_EndWidth
      value: .100000001
      objectReference: {fileID: 0}
    - target: {fileID: 0}
      propertyPath: fxRadius
      value: .699999988
      objectReference: {fileID: 0}
    - target: {fileID: 0}
      propertyPath: hitObject
      value: 
      objectReference: {fileID: 131758, guid: 130c15ef649af4d2d8c0d8a5b352bc8e, type: 2}
    - target: {fileID: 0}
      propertyPath: m_LocalPosition.x
      value: 0
      objectReference: {fileID: 0}
    - target: {fileID: 0}
      propertyPath: m_LocalPosition.y
      value: 0
      objectReference: {fileID: 0}
    - target: {fileID: 0}
      propertyPath: m_LocalPosition.z
      value: 0
      objectReference: {fileID: 0}
    - target: {fileID: 0}
      propertyPath: damage
      value: 10
      objectReference: {fileID: 0}
    - target: {fileID: 0}
      propertyPath: m_StartWidth
      value: .200000003
      objectReference: {fileID: 0}
    - target: {fileID: 0}
      propertyPath: m_Time
      value: .300000012
      objectReference: {fileID: 0}
    - target: {fileID: 0}
      propertyPath: damageRadius
      value: 0
      objectReference: {fileID: 0}
    m_RemovedComponents: []
  m_ParentPrefab: {fileID: 0}
  m_RootGameObject: {fileID: 168672}
  m_IsPrefabParent: 1
--- !u!1 &1425608588630194
GameObject:
  m_ObjectHideFlags: 0
  m_PrefabParentObject: {fileID: 0}
  m_PrefabInternal: {fileID: 100100000}
  serializedVersion: 5
  m_Component:
  - component: {fileID: 4486609251204290}
  - component: {fileID: 114469911568648080}
  m_Layer: 0
  m_Name: FxController
  m_TagString: Untagged
  m_Icon: {fileID: 0}
  m_NavMeshLayer: 0
  m_StaticEditorFlags: 0
  m_IsActive: 1
--- !u!1 &1998301469389616
GameObject:
  m_ObjectHideFlags: 0
  m_PrefabParentObject: {fileID: 0}
  m_PrefabInternal: {fileID: 100100000}
  serializedVersion: 5
  m_Component:
  - component: {fileID: 4309806473837276}
  m_Layer: 0
  m_Name: Impact Location
  m_TagString: Untagged
  m_Icon: {fileID: 0}
  m_NavMeshLayer: 0
  m_StaticEditorFlags: 0
  m_IsActive: 1
--- !u!4 &4309806473837276
Transform:
  m_ObjectHideFlags: 1
  m_PrefabParentObject: {fileID: 0}
  m_PrefabInternal: {fileID: 100100000}
  m_GameObject: {fileID: 1998301469389616}
  m_LocalRotation: {x: 0, y: 1, z: 0, w: 0}
  m_LocalPosition: {x: 0, y: 0, z: 0}
  m_LocalScale: {x: 1.5, y: 1.5, z: 1.5}
  m_Children: []
  m_Father: {fileID: 423392}
  m_RootOrder: 1
  m_LocalEulerAnglesHint: {x: 0, y: 180, z: 0}
--- !u!4 &4486609251204290
Transform:
  m_ObjectHideFlags: 1
  m_PrefabParentObject: {fileID: 0}
  m_PrefabInternal: {fileID: 100100000}
  m_GameObject: {fileID: 1425608588630194}
  m_LocalRotation: {x: 0, y: 0, z: 0, w: 1}
  m_LocalPosition: {x: 0, y: 0, z: 0}
  m_LocalScale: {x: 0.6, y: 0.6, z: 0.6}
  m_Children: []
  m_Father: {fileID: 423392}
  m_RootOrder: 0
  m_LocalEulerAnglesHint: {x: 0, y: 0, z: 0}
--- !u!114 &114393734779816712
MonoBehaviour:
  m_ObjectHideFlags: 1
  m_PrefabParentObject: {fileID: 0}
  m_PrefabInternal: {fileID: 100100000}
  m_GameObject: {fileID: 168672}
  m_Enabled: 1
  m_EditorHideFlags: 0
  m_Script: {fileID: 11500000, guid: 039dfc7e753bd42a8a59285d15464252, type: 3}
  m_Name: 
  m_EditorClassIdentifier: 
  delay: 0
  poolScript: {fileID: 0}
  timeSpawned: 0
--- !u!114 &114469911568648080
MonoBehaviour:
  m_ObjectHideFlags: 1
  m_PrefabParentObject: {fileID: 0}
  m_PrefabInternal: {fileID: 100100000}
  m_GameObject: {fileID: 1425608588630194}
  m_Enabled: 1
  m_EditorHideFlags: 0
  m_Script: {fileID: 11500000, guid: c37e84570a4b54e71ba4354ad3a11613, type: 3}
  m_Name: 
  m_EditorClassIdentifier: 
  detachAt: 0
  transferMotion: 0
  fxList:
  - obj: {fileID: 1000014027287336, guid: a02642d6fad314e1fb156b4f844d2fd7, type: 2}
    active: 0
    op: 0
    percent: 0
    location: {fileID: 4486609251204290}
    alive: 0
    once: 0
    duration: 0
    minTime: 0
    maxTime: 0
    sendValue: 0
    invertValue: 0
    tObj: {fileID: 0}
    particle: {fileID: 0}
    flare: {fileID: 0}
    trail: {fileID: 0}
    audio: {fileID: 0}
    trailOrigTime: 0.3
    thisScript: {fileID: 114469911568648080}
    statsScript: {fileID: 0}
    fxDuration: 0
    beginFlag: 0
    endFlag: 0
  - obj: {fileID: 1738565922834116, guid: ad2255ad5fa704c6baaadc2cbbece7d9, type: 2}
    active: 9
    op: 0
    percent: 0
    location: {fileID: 4309806473837276}
    alive: 0
    once: 0
    duration: 0
    minTime: 0
    maxTime: 0
    sendValue: 0
    invertValue: 0
    tObj: {fileID: 0}
    particle: {fileID: 0}
    flare: {fileID: 0}
    trail: {fileID: 0}
    audio: {fileID: 0}
    trailOrigTime: 0
    thisScript: {fileID: 114469911568648080}
    statsScript: {fileID: 0}
    fxDuration: 0
    beginFlag: 0
    endFlag: 0
  - obj: {fileID: 150558, guid: 5227b28a79c8249e1bd3ab8721ac67a4, type: 2}
    active: 9
    op: 0
    percent: 0
    location: {fileID: 4486609251204290}
    alive: 0
    once: 0
    duration: 0
    minTime: 0
    maxTime: 0
    sendValue: 0
    invertValue: 0
    tObj: {fileID: 0}
    particle: {fileID: 0}
    flare: {fileID: 0}
    trail: {fileID: 0}
    audio: {fileID: 0}
    trailOrigTime: 0
    thisScript: {fileID: 114469911568648080}
    statsScript: {fileID: 0}
    fxDuration: 0
    beginFlag: 0
    endFlag: 0
