%YAML 1.1
%TAG !u! tag:unity3d.com,2011:
--- !u!1 &103230
GameObject:
  m_ObjectHideFlags: 1
  m_PrefabParentObject: {fileID: 0}
  m_PrefabInternal: {fileID: 100100000}
  serializedVersion: 5
  m_Component:
  - component: {fileID: 494702}
  m_Layer: 0
  m_Name: Bip001 Spine
  m_TagString: Untagged
  m_Icon: {fileID: 0}
  m_NavMeshLayer: 0
  m_StaticEditorFlags: 0
  m_IsActive: 1
--- !u!1 &104868
GameObject:
  m_ObjectHideFlags: 1
  m_PrefabParentObject: {fileID: 0}
  m_PrefabInternal: {fileID: 100100000}
  serializedVersion: 5
  m_Component:
  - component: {fileID: 439256}
  m_Layer: 0
  m_Name: Bip001 L Finger1
  m_TagString: Untagged
  m_Icon: {fileID: 0}
  m_NavMeshLayer: 0
  m_StaticEditorFlags: 0
  m_IsActive: 1
--- !u!1 &105042
GameObject:
  m_ObjectHideFlags: 1
  m_PrefabParentObject: {fileID: 0}
  m_PrefabInternal: {fileID: 100100000}
  serializedVersion: 5
  m_Component:
  - component: {fileID: 471782}
  m_Layer: 0
  m_Name: Bip001 Head
  m_TagString: Untagged
  m_Icon: {fileID: 0}
  m_NavMeshLayer: 0
  m_StaticEditorFlags: 0
  m_IsActive: 1
--- !u!1 &105834
GameObject:
  m_ObjectHideFlags: 1
  m_PrefabParentObject: {fileID: 0}
  m_PrefabInternal: {fileID: 100100000}
  serializedVersion: 5
  m_Component:
  - component: {fileID: 417394}
  m_Layer: 0
  m_Name: Bip001 Neck
  m_TagString: Untagged
  m_Icon: {fileID: 0}
  m_NavMeshLayer: 0
  m_StaticEditorFlags: 0
  m_IsActive: 1
--- !u!1 &106384
GameObject:
  m_ObjectHideFlags: 1
  m_PrefabParentObject: {fileID: 0}
  m_PrefabInternal: {fileID: 100100000}
  serializedVersion: 5
  m_Component:
  - component: {fileID: 463330}
  m_Layer: 0
  m_Name: Bip001 Spine1
  m_TagString: Untagged
  m_Icon: {fileID: 0}
  m_NavMeshLayer: 0
  m_StaticEditorFlags: 0
  m_IsActive: 1
--- !u!1 &109426
GameObject:
  m_ObjectHideFlags: 1
  m_PrefabParentObject: {fileID: 0}
  m_PrefabInternal: {fileID: 100100000}
  serializedVersion: 5
  m_Component:
  - component: {fileID: 442178}
  m_Layer: 0
  m_Name: Bip001 L Finger41
  m_TagString: Untagged
  m_Icon: {fileID: 0}
  m_NavMeshLayer: 0
  m_StaticEditorFlags: 0
  m_IsActive: 1
--- !u!1 &110350
GameObject:
  m_ObjectHideFlags: 1
  m_PrefabParentObject: {fileID: 0}
  m_PrefabInternal: {fileID: 100100000}
  serializedVersion: 5
  m_Component:
  - component: {fileID: 411268}
  m_Layer: 0
  m_Name: Bip001 R Finger4
  m_TagString: Untagged
  m_Icon: {fileID: 0}
  m_NavMeshLayer: 0
  m_StaticEditorFlags: 0
  m_IsActive: 1
--- !u!1 &111278
GameObject:
  m_ObjectHideFlags: 0
  m_PrefabParentObject: {fileID: 0}
  m_PrefabInternal: {fileID: 100100000}
  serializedVersion: 5
  m_Component:
  - component: {fileID: 479562}
  m_Layer: 0
  m_Name: Bip001
  m_TagString: Untagged
  m_Icon: {fileID: 0}
  m_NavMeshLayer: 0
  m_StaticEditorFlags: 0
  m_IsActive: 1
--- !u!1 &116924
GameObject:
  m_ObjectHideFlags: 1
  m_PrefabParentObject: {fileID: 0}
  m_PrefabInternal: {fileID: 100100000}
  serializedVersion: 5
  m_Component:
  - component: {fileID: 457616}
  m_Layer: 0
  m_Name: Bip001 L Finger2
  m_TagString: Untagged
  m_Icon: {fileID: 0}
  m_NavMeshLayer: 0
  m_StaticEditorFlags: 0
  m_IsActive: 1
--- !u!1 &117788
GameObject:
  m_ObjectHideFlags: 1
  m_PrefabParentObject: {fileID: 0}
  m_PrefabInternal: {fileID: 100100000}
  serializedVersion: 5
  m_Component:
  - component: {fileID: 497112}
  m_Layer: 0
  m_Name: Bip001 R Finger32
  m_TagString: Untagged
  m_Icon: {fileID: 0}
  m_NavMeshLayer: 0
  m_StaticEditorFlags: 0
  m_IsActive: 1
--- !u!1 &119330
GameObject:
  m_ObjectHideFlags: 1
  m_PrefabParentObject: {fileID: 0}
  m_PrefabInternal: {fileID: 100100000}
  serializedVersion: 5
  m_Component:
  - component: {fileID: 463350}
  m_Layer: 0
  m_Name: Bip001 L Finger42
  m_TagString: Untagged
  m_Icon: {fileID: 0}
  m_NavMeshLayer: 0
  m_StaticEditorFlags: 0
  m_IsActive: 1
--- !u!1 &121848
GameObject:
  m_ObjectHideFlags: 1
  m_PrefabParentObject: {fileID: 0}
  m_PrefabInternal: {fileID: 100100000}
  serializedVersion: 5
  m_Component:
  - component: {fileID: 482624}
  m_Layer: 0
  m_Name: Bip001 L Finger12
  m_TagString: Untagged
  m_Icon: {fileID: 0}
  m_NavMeshLayer: 0
  m_StaticEditorFlags: 0
  m_IsActive: 1
--- !u!1 &130360
GameObject:
  m_ObjectHideFlags: 1
  m_PrefabParentObject: {fileID: 0}
  m_PrefabInternal: {fileID: 100100000}
  serializedVersion: 5
  m_Component:
  - component: {fileID: 403474}
  m_Layer: 0
  m_Name: hip_adjustment_bone_right
  m_TagString: Untagged
  m_Icon: {fileID: 0}
  m_NavMeshLayer: 0
  m_StaticEditorFlags: 0
  m_IsActive: 1
--- !u!1 &133366
GameObject:
  m_ObjectHideFlags: 1
  m_PrefabParentObject: {fileID: 0}
  m_PrefabInternal: {fileID: 100100000}
  serializedVersion: 5
  m_Component:
  - component: {fileID: 420314}
  m_Layer: 0
  m_Name: Bip001 L UpperArm
  m_TagString: Untagged
  m_Icon: {fileID: 0}
  m_NavMeshLayer: 0
  m_StaticEditorFlags: 0
  m_IsActive: 1
--- !u!1 &133382
GameObject:
  m_ObjectHideFlags: 1
  m_PrefabParentObject: {fileID: 0}
  m_PrefabInternal: {fileID: 100100000}
  serializedVersion: 5
  m_Component:
  - component: {fileID: 460888}
  m_Layer: 0
  m_Name: Bip001 R Finger41
  m_TagString: Untagged
  m_Icon: {fileID: 0}
  m_NavMeshLayer: 0
  m_StaticEditorFlags: 0
  m_IsActive: 1
--- !u!1 &133388
GameObject:
  m_ObjectHideFlags: 1
  m_PrefabParentObject: {fileID: 0}
  m_PrefabInternal: {fileID: 100100000}
  serializedVersion: 5
  m_Component:
  - component: {fileID: 402286}
  m_Layer: 0
  m_Name: Bip001 R Finger12
  m_TagString: Untagged
  m_Icon: {fileID: 0}
  m_NavMeshLayer: 0
  m_StaticEditorFlags: 0
  m_IsActive: 1
--- !u!1 &135380
GameObject:
  m_ObjectHideFlags: 1
  m_PrefabParentObject: {fileID: 0}
  m_PrefabInternal: {fileID: 100100000}
  serializedVersion: 5
  m_Component:
  - component: {fileID: 483580}
  m_Layer: 0
  m_Name: Bip001 L Finger21
  m_TagString: Untagged
  m_Icon: {fileID: 0}
  m_NavMeshLayer: 0
  m_StaticEditorFlags: 0
  m_IsActive: 1
--- !u!1 &135828
GameObject:
  m_ObjectHideFlags: 1
  m_PrefabParentObject: {fileID: 0}
  m_PrefabInternal: {fileID: 100100000}
  serializedVersion: 5
  m_Component:
  - component: {fileID: 474176}
  m_Layer: 0
  m_Name: Bip001 R Toe0
  m_TagString: Untagged
  m_Icon: {fileID: 0}
  m_NavMeshLayer: 0
  m_StaticEditorFlags: 0
  m_IsActive: 1
--- !u!1 &136834
GameObject:
  m_ObjectHideFlags: 1
  m_PrefabParentObject: {fileID: 0}
  m_PrefabInternal: {fileID: 100100000}
  serializedVersion: 5
  m_Component:
  - component: {fileID: 495338}
  m_Layer: 0
  m_Name: Bip001 R Finger01
  m_TagString: Untagged
  m_Icon: {fileID: 0}
  m_NavMeshLayer: 0
  m_StaticEditorFlags: 0
  m_IsActive: 1
--- !u!1 &138590
GameObject:
  m_ObjectHideFlags: 1
  m_PrefabParentObject: {fileID: 0}
  m_PrefabInternal: {fileID: 100100000}
  serializedVersion: 5
  m_Component:
  - component: {fileID: 441514}
  m_Layer: 0
  m_Name: Bip001 R Hand
  m_TagString: Untagged
  m_Icon: {fileID: 0}
  m_NavMeshLayer: 0
  m_StaticEditorFlags: 0
  m_IsActive: 1
--- !u!1 &139822
GameObject:
  m_ObjectHideFlags: 1
  m_PrefabParentObject: {fileID: 0}
  m_PrefabInternal: {fileID: 100100000}
  serializedVersion: 5
  m_Component:
  - component: {fileID: 405436}
  m_Layer: 0
  m_Name: Bip001 L Finger11
  m_TagString: Untagged
  m_Icon: {fileID: 0}
  m_NavMeshLayer: 0
  m_StaticEditorFlags: 0
  m_IsActive: 1
--- !u!1 &142132
GameObject:
  m_ObjectHideFlags: 1
  m_PrefabParentObject: {fileID: 0}
  m_PrefabInternal: {fileID: 100100000}
  serializedVersion: 5
  m_Component:
  - component: {fileID: 421150}
  m_Layer: 0
  m_Name: Bip001 L Finger0
  m_TagString: Untagged
  m_Icon: {fileID: 0}
  m_NavMeshLayer: 0
  m_StaticEditorFlags: 0
  m_IsActive: 1
--- !u!1 &144148
GameObject:
  m_ObjectHideFlags: 1
  m_PrefabParentObject: {fileID: 0}
  m_PrefabInternal: {fileID: 100100000}
  serializedVersion: 5
  m_Component:
  - component: {fileID: 422584}
  m_Layer: 0
  m_Name: Bip001 R Finger02
  m_TagString: Untagged
  m_Icon: {fileID: 0}
  m_NavMeshLayer: 0
  m_StaticEditorFlags: 0
  m_IsActive: 1
--- !u!1 &147532
GameObject:
  m_ObjectHideFlags: 1
  m_PrefabParentObject: {fileID: 0}
  m_PrefabInternal: {fileID: 100100000}
  serializedVersion: 5
  m_Component:
  - component: {fileID: 413906}
  m_Layer: 0
  m_Name: Bip001 R Finger1
  m_TagString: Untagged
  m_Icon: {fileID: 0}
  m_NavMeshLayer: 0
  m_StaticEditorFlags: 0
  m_IsActive: 1
--- !u!1 &152870
GameObject:
  m_ObjectHideFlags: 1
  m_PrefabParentObject: {fileID: 0}
  m_PrefabInternal: {fileID: 100100000}
  serializedVersion: 5
  m_Component:
  - component: {fileID: 458756}
  m_Layer: 0
  m_Name: Bip001 R Thigh
  m_TagString: Untagged
  m_Icon: {fileID: 0}
  m_NavMeshLayer: 0
  m_StaticEditorFlags: 0
  m_IsActive: 1
--- !u!1 &153224
GameObject:
  m_ObjectHideFlags: 1
  m_PrefabParentObject: {fileID: 0}
  m_PrefabInternal: {fileID: 100100000}
  serializedVersion: 5
  m_Component:
  - component: {fileID: 483196}
  m_Layer: 0
  m_Name: Bip001 L Finger3
  m_TagString: Untagged
  m_Icon: {fileID: 0}
  m_NavMeshLayer: 0
  m_StaticEditorFlags: 0
  m_IsActive: 1
--- !u!1 &155572
GameObject:
  m_ObjectHideFlags: 1
  m_PrefabParentObject: {fileID: 0}
  m_PrefabInternal: {fileID: 100100000}
  serializedVersion: 5
  m_Component:
  - component: {fileID: 457916}
  m_Layer: 0
  m_Name: Bip001 R Finger31
  m_TagString: Untagged
  m_Icon: {fileID: 0}
  m_NavMeshLayer: 0
  m_StaticEditorFlags: 0
  m_IsActive: 1
--- !u!1 &155846
GameObject:
  m_ObjectHideFlags: 1
  m_PrefabParentObject: {fileID: 0}
  m_PrefabInternal: {fileID: 100100000}
  serializedVersion: 5
  m_Component:
  - component: {fileID: 453218}
  m_Layer: 0
  m_Name: Bip001 R UpperArm
  m_TagString: Untagged
  m_Icon: {fileID: 0}
  m_NavMeshLayer: 0
  m_StaticEditorFlags: 0
  m_IsActive: 1
--- !u!1 &156430
GameObject:
  m_ObjectHideFlags: 1
  m_PrefabParentObject: {fileID: 0}
  m_PrefabInternal: {fileID: 100100000}
  serializedVersion: 5
  m_Component:
  - component: {fileID: 455940}
  m_Layer: 0
  m_Name: Bip001 L Finger31
  m_TagString: Untagged
  m_Icon: {fileID: 0}
  m_NavMeshLayer: 0
  m_StaticEditorFlags: 0
  m_IsActive: 1
--- !u!1 &157368
GameObject:
  m_ObjectHideFlags: 1
  m_PrefabParentObject: {fileID: 0}
  m_PrefabInternal: {fileID: 100100000}
  serializedVersion: 5
  m_Component:
  - component: {fileID: 428258}
  m_Layer: 0
  m_Name: hip_adjustment_bone_left
  m_TagString: Untagged
  m_Icon: {fileID: 0}
  m_NavMeshLayer: 0
  m_StaticEditorFlags: 0
  m_IsActive: 1
--- !u!1 &160926
GameObject:
  m_ObjectHideFlags: 1
  m_PrefabParentObject: {fileID: 0}
  m_PrefabInternal: {fileID: 100100000}
  serializedVersion: 5
  m_Component:
  - component: {fileID: 479268}
  m_Layer: 0
  m_Name: Bip001 R Finger21
  m_TagString: Untagged
  m_Icon: {fileID: 0}
  m_NavMeshLayer: 0
  m_StaticEditorFlags: 0
  m_IsActive: 1
--- !u!1 &163212
GameObject:
  m_ObjectHideFlags: 1
  m_PrefabParentObject: {fileID: 0}
  m_PrefabInternal: {fileID: 100100000}
  serializedVersion: 5
  m_Component:
  - component: {fileID: 478810}
  m_Layer: 0
  m_Name: Bip001 L Finger22
  m_TagString: Untagged
  m_Icon: {fileID: 0}
  m_NavMeshLayer: 0
  m_StaticEditorFlags: 0
  m_IsActive: 1
--- !u!1 &165322
GameObject:
  m_ObjectHideFlags: 0
  m_PrefabParentObject: {fileID: 0}
  m_PrefabInternal: {fileID: 100100000}
  serializedVersion: 5
  m_Component:
  - component: {fileID: 481452}
  - component: {fileID: 11100746}
  - component: {fileID: 14325074}
  - component: {fileID: 11469798}
  m_Layer: 0
  m_Name: SCW
  m_TagString: Player
  m_Icon: {fileID: 0}
  m_NavMeshLayer: 0
  m_StaticEditorFlags: 0
  m_IsActive: 1
--- !u!1 &167498
GameObject:
  m_ObjectHideFlags: 1
  m_PrefabParentObject: {fileID: 0}
  m_PrefabInternal: {fileID: 100100000}
  serializedVersion: 5
  m_Component:
  - component: {fileID: 446710}
  m_Layer: 0
  m_Name: Bip001 L Toe0
  m_TagString: Untagged
  m_Icon: {fileID: 0}
  m_NavMeshLayer: 0
  m_StaticEditorFlags: 0
  m_IsActive: 1
--- !u!1 &169964
GameObject:
  m_ObjectHideFlags: 1
  m_PrefabParentObject: {fileID: 0}
  m_PrefabInternal: {fileID: 100100000}
  serializedVersion: 5
  m_Component:
  - component: {fileID: 485334}
  m_Layer: 0
  m_Name: Bip001 R Finger0
  m_TagString: Untagged
  m_Icon: {fileID: 0}
  m_NavMeshLayer: 0
  m_StaticEditorFlags: 0
  m_IsActive: 1
--- !u!1 &170382
GameObject:
  m_ObjectHideFlags: 1
  m_PrefabParentObject: {fileID: 0}
  m_PrefabInternal: {fileID: 100100000}
  serializedVersion: 5
  m_Component:
  - component: {fileID: 488598}
  m_Layer: 0
  m_Name: Bip001 R Calf
  m_TagString: Untagged
  m_Icon: {fileID: 0}
  m_NavMeshLayer: 0
  m_StaticEditorFlags: 0
  m_IsActive: 1
--- !u!1 &170834
GameObject:
  m_ObjectHideFlags: 1
  m_PrefabParentObject: {fileID: 0}
  m_PrefabInternal: {fileID: 100100000}
  serializedVersion: 5
  m_Component:
  - component: {fileID: 494102}
  m_Layer: 0
  m_Name: Bip001 L Calf
  m_TagString: Untagged
  m_Icon: {fileID: 0}
  m_NavMeshLayer: 0
  m_StaticEditorFlags: 0
  m_IsActive: 1
--- !u!1 &172128
GameObject:
  m_ObjectHideFlags: 0
  m_PrefabParentObject: {fileID: 0}
  m_PrefabInternal: {fileID: 100100000}
  serializedVersion: 5
  m_Component:
  - component: {fileID: 446614}
  m_Layer: 0
  m_Name: construction_worker
  m_TagString: Untagged
  m_Icon: {fileID: 0}
  m_NavMeshLayer: 0
  m_StaticEditorFlags: 0
  m_IsActive: 1
--- !u!1 &173622
GameObject:
  m_ObjectHideFlags: 1
  m_PrefabParentObject: {fileID: 0}
  m_PrefabInternal: {fileID: 100100000}
  serializedVersion: 5
  m_Component:
  - component: {fileID: 430098}
  m_Layer: 0
  m_Name: Bip001 R Finger11
  m_TagString: Untagged
  m_Icon: {fileID: 0}
  m_NavMeshLayer: 0
  m_StaticEditorFlags: 0
  m_IsActive: 1
--- !u!1 &174780
GameObject:
  m_ObjectHideFlags: 1
  m_PrefabParentObject: {fileID: 0}
  m_PrefabInternal: {fileID: 100100000}
  serializedVersion: 5
  m_Component:
  - component: {fileID: 471382}
  m_Layer: 0
  m_Name: Bip001 L Foot
  m_TagString: Untagged
  m_Icon: {fileID: 0}
  m_NavMeshLayer: 0
  m_StaticEditorFlags: 0
  m_IsActive: 1
--- !u!1 &174906
GameObject:
  m_ObjectHideFlags: 1
  m_PrefabParentObject: {fileID: 0}
  m_PrefabInternal: {fileID: 100100000}
  serializedVersion: 5
  m_Component:
  - component: {fileID: 484092}
  - component: {fileID: 13717518}
  m_Layer: 0
  m_Name: Bip001 Pelvis
  m_TagString: Untagged
  m_Icon: {fileID: 0}
  m_NavMeshLayer: 0
  m_StaticEditorFlags: 0
  m_IsActive: 1
--- !u!1 &175468
GameObject:
  m_ObjectHideFlags: 1
  m_PrefabParentObject: {fileID: 0}
  m_PrefabInternal: {fileID: 100100000}
  serializedVersion: 5
  m_Component:
  - component: {fileID: 416174}
  m_Layer: 0
  m_Name: Bip001 L Clavicle
  m_TagString: Untagged
  m_Icon: {fileID: 0}
  m_NavMeshLayer: 0
  m_StaticEditorFlags: 0
  m_IsActive: 1
--- !u!1 &178498
GameObject:
  m_ObjectHideFlags: 1
  m_PrefabParentObject: {fileID: 0}
  m_PrefabInternal: {fileID: 100100000}
  serializedVersion: 5
  m_Component:
  - component: {fileID: 445506}
  m_Layer: 0
  m_Name: Bip001 L Finger32
  m_TagString: Untagged
  m_Icon: {fileID: 0}
  m_NavMeshLayer: 0
  m_StaticEditorFlags: 0
  m_IsActive: 1
--- !u!1 &180328
GameObject:
  m_ObjectHideFlags: 1
  m_PrefabParentObject: {fileID: 0}
  m_PrefabInternal: {fileID: 100100000}
  serializedVersion: 5
  m_Component:
  - component: {fileID: 469312}
  m_Layer: 0
  m_Name: Bip001 L Finger4
  m_TagString: Untagged
  m_Icon: {fileID: 0}
  m_NavMeshLayer: 0
  m_StaticEditorFlags: 0
  m_IsActive: 1
--- !u!1 &180532
GameObject:
  m_ObjectHideFlags: 1
  m_PrefabParentObject: {fileID: 0}
  m_PrefabInternal: {fileID: 100100000}
  serializedVersion: 5
  m_Component:
  - component: {fileID: 425352}
  m_Layer: 0
  m_Name: Bip001 R Finger2
  m_TagString: Untagged
  m_Icon: {fileID: 0}
  m_NavMeshLayer: 0
  m_StaticEditorFlags: 0
  m_IsActive: 1
--- !u!1 &182726
GameObject:
  m_ObjectHideFlags: 1
  m_PrefabParentObject: {fileID: 0}
  m_PrefabInternal: {fileID: 100100000}
  serializedVersion: 5
  m_Component:
  - component: {fileID: 443858}
  m_Layer: 0
  m_Name: helmet_bone
  m_TagString: Untagged
  m_Icon: {fileID: 0}
  m_NavMeshLayer: 0
  m_StaticEditorFlags: 0
  m_IsActive: 1
--- !u!1 &182802
GameObject:
  m_ObjectHideFlags: 1
  m_PrefabParentObject: {fileID: 0}
  m_PrefabInternal: {fileID: 100100000}
  serializedVersion: 5
  m_Component:
  - component: {fileID: 452846}
  m_Layer: 0
  m_Name: Bip001 L Hand
  m_TagString: Untagged
  m_Icon: {fileID: 0}
  m_NavMeshLayer: 0
  m_StaticEditorFlags: 0
  m_IsActive: 1
--- !u!1 &183134
GameObject:
  m_ObjectHideFlags: 1
  m_PrefabParentObject: {fileID: 0}
  m_PrefabInternal: {fileID: 100100000}
  serializedVersion: 5
  m_Component:
  - component: {fileID: 453270}
  m_Layer: 0
  m_Name: Bip001 L Forearm
  m_TagString: Untagged
  m_Icon: {fileID: 0}
  m_NavMeshLayer: 0
  m_StaticEditorFlags: 0
  m_IsActive: 1
--- !u!1 &183866
GameObject:
  m_ObjectHideFlags: 1
  m_PrefabParentObject: {fileID: 0}
  m_PrefabInternal: {fileID: 100100000}
  serializedVersion: 5
  m_Component:
  - component: {fileID: 484294}
  m_Layer: 0
  m_Name: Bip001 R Foot
  m_TagString: Untagged
  m_Icon: {fileID: 0}
  m_NavMeshLayer: 0
  m_StaticEditorFlags: 0
  m_IsActive: 1
--- !u!1 &188636
GameObject:
  m_ObjectHideFlags: 1
  m_PrefabParentObject: {fileID: 0}
  m_PrefabInternal: {fileID: 100100000}
  serializedVersion: 5
  m_Component:
  - component: {fileID: 410072}
  m_Layer: 0
  m_Name: Bip001 R Finger22
  m_TagString: Untagged
  m_Icon: {fileID: 0}
  m_NavMeshLayer: 0
  m_StaticEditorFlags: 0
  m_IsActive: 1
--- !u!1 &190130
GameObject:
  m_ObjectHideFlags: 1
  m_PrefabParentObject: {fileID: 0}
  m_PrefabInternal: {fileID: 100100000}
  serializedVersion: 5
  m_Component:
  - component: {fileID: 495770}
  m_Layer: 0
  m_Name: Bip001 L Finger01
  m_TagString: Untagged
  m_Icon: {fileID: 0}
  m_NavMeshLayer: 0
  m_StaticEditorFlags: 0
  m_IsActive: 1
--- !u!1 &192438
GameObject:
  m_ObjectHideFlags: 1
  m_PrefabParentObject: {fileID: 0}
  m_PrefabInternal: {fileID: 100100000}
  serializedVersion: 5
  m_Component:
  - component: {fileID: 496918}
  m_Layer: 0
  m_Name: Bip001 R Forearm
  m_TagString: Untagged
  m_Icon: {fileID: 0}
  m_NavMeshLayer: 0
  m_StaticEditorFlags: 0
  m_IsActive: 1
--- !u!1 &196734
GameObject:
  m_ObjectHideFlags: 1
  m_PrefabParentObject: {fileID: 0}
  m_PrefabInternal: {fileID: 100100000}
  serializedVersion: 5
  m_Component:
  - component: {fileID: 448726}
  m_Layer: 0
  m_Name: Bip001 L Finger02
  m_TagString: Untagged
  m_Icon: {fileID: 0}
  m_NavMeshLayer: 0
  m_StaticEditorFlags: 0
  m_IsActive: 1
--- !u!1 &197986
GameObject:
  m_ObjectHideFlags: 1
  m_PrefabParentObject: {fileID: 0}
  m_PrefabInternal: {fileID: 100100000}
  serializedVersion: 5
  m_Component:
  - component: {fileID: 448562}
  m_Layer: 0
  m_Name: Bip001 R Clavicle
  m_TagString: Untagged
  m_Icon: {fileID: 0}
  m_NavMeshLayer: 0
  m_StaticEditorFlags: 0
  m_IsActive: 1
--- !u!1 &198806
GameObject:
  m_ObjectHideFlags: 1
  m_PrefabParentObject: {fileID: 0}
  m_PrefabInternal: {fileID: 100100000}
  serializedVersion: 5
  m_Component:
  - component: {fileID: 424148}
  m_Layer: 0
  m_Name: Bip001 R Finger3
  m_TagString: Untagged
  m_Icon: {fileID: 0}
  m_NavMeshLayer: 0
  m_StaticEditorFlags: 0
  m_IsActive: 1
--- !u!1 &198946
GameObject:
  m_ObjectHideFlags: 1
  m_PrefabParentObject: {fileID: 0}
  m_PrefabInternal: {fileID: 100100000}
  serializedVersion: 5
  m_Component:
  - component: {fileID: 406006}
  m_Layer: 0
  m_Name: Bip001 L Thigh
  m_TagString: Untagged
  m_Icon: {fileID: 0}
  m_NavMeshLayer: 0
  m_StaticEditorFlags: 0
  m_IsActive: 1
--- !u!1 &199208
GameObject:
  m_ObjectHideFlags: 1
  m_PrefabParentObject: {fileID: 0}
  m_PrefabInternal: {fileID: 100100000}
  serializedVersion: 5
  m_Component:
  - component: {fileID: 468138}
  m_Layer: 0
  m_Name: Bip001 R Finger42
  m_TagString: Untagged
  m_Icon: {fileID: 0}
  m_NavMeshLayer: 0
  m_StaticEditorFlags: 0
  m_IsActive: 1
--- !u!4 &402286
Transform:
  m_ObjectHideFlags: 1
  m_PrefabParentObject: {fileID: 0}
  m_PrefabInternal: {fileID: 100100000}
  m_GameObject: {fileID: 133388}
  m_LocalRotation: {x: 0.0000000026802032, y: -0.00000000380796, z: -0.030196477,
    w: 0.999544}
  m_LocalPosition: {x: -0.00029854669, y: 0, z: -1.8626451e-11}
  m_LocalScale: {x: 1, y: 1, z: 0.9999999}
  m_Children: []
  m_Father: {fileID: 430098}
  m_RootOrder: 0
  m_LocalEulerAnglesHint: {x: 0, y: 0, z: 0}
--- !u!4 &403474
Transform:
  m_ObjectHideFlags: 1
  m_PrefabParentObject: {fileID: 0}
  m_PrefabInternal: {fileID: 100100000}
  m_GameObject: {fileID: 130360}
  m_LocalRotation: {x: 0.49065205, y: -0.5449332, z: -0.50241446, w: 0.45813546}
  m_LocalPosition: {x: -0.00062720384, y: 0.00047461418, z: -0.000057318208}
  m_LocalScale: {x: 1.0000002, y: 1.0000001, z: 1.0000004}
  m_Children: []
  m_Father: {fileID: 458756}
  m_RootOrder: 1
  m_LocalEulerAnglesHint: {x: 0, y: 0, z: 0}
--- !u!4 &405436
Transform:
  m_ObjectHideFlags: 1
  m_PrefabParentObject: {fileID: 0}
  m_PrefabInternal: {fileID: 100100000}
  m_GameObject: {fileID: 139822}
  m_LocalRotation: {x: 0.0000000018398016, y: -2.9082187e-10, z: -0.15613379, w: 0.9877359}
  m_LocalPosition: {x: -0.0004492259, y: -5.9604643e-10, z: 5.5879353e-11}
  m_LocalScale: {x: 0.99999994, y: 0.99999994, z: 0.99999994}
  m_Children:
  - {fileID: 482624}
  m_Father: {fileID: 439256}
  m_RootOrder: 0
  m_LocalEulerAnglesHint: {x: 0, y: 0, z: 0}
--- !u!4 &406006
Transform:
  m_ObjectHideFlags: 1
  m_PrefabParentObject: {fileID: 0}
  m_PrefabInternal: {fileID: 100100000}
  m_GameObject: {fileID: 198946}
  m_LocalRotation: {x: 0.045164015, y: 0.9984849, z: 0.0048078694, w: 0.0310644}
  m_LocalPosition: {x: 0.0012061934, y: -0.00015866452, z: 0.00089350727}
  m_LocalScale: {x: 1, y: 1.0000001, z: 1.0000001}
  m_Children:
  - {fileID: 494102}
  - {fileID: 428258}
  m_Father: {fileID: 494702}
  m_RootOrder: 0
  m_LocalEulerAnglesHint: {x: 0, y: 0, z: 0}
--- !u!4 &410072
Transform:
  m_ObjectHideFlags: 1
  m_PrefabParentObject: {fileID: 0}
  m_PrefabInternal: {fileID: 100100000}
  m_GameObject: {fileID: 188636}
  m_LocalRotation: {x: -0.0000000029122462, y: 0.0000000031544027, z: -0.116402246,
    w: 0.99320215}
  m_LocalPosition: {x: -0.00038891792, y: 5.9604643e-10, z: -3.0267983e-11}
  m_LocalScale: {x: 1.0000001, y: 1, z: 1}
  m_Children: []
  m_Father: {fileID: 479268}
  m_RootOrder: 0
  m_LocalEulerAnglesHint: {x: 0, y: 0, z: 0}
--- !u!4 &411268
Transform:
  m_ObjectHideFlags: 1
  m_PrefabParentObject: {fileID: 0}
  m_PrefabInternal: {fileID: 100100000}
  m_GameObject: {fileID: 110350}
  m_LocalRotation: {x: 0.12618631, y: -0.06297118, z: -0.13209358, w: 0.9811539}
  m_LocalPosition: {x: -0.00072792824, y: 0.0001634252, z: -0.000358672}
  m_LocalScale: {x: 1, y: 0.9999999, z: 1}
  m_Children:
  - {fileID: 460888}
  m_Father: {fileID: 441514}
  m_RootOrder: 4
  m_LocalEulerAnglesHint: {x: 0, y: 0, z: 0}
--- !u!4 &413906
Transform:
  m_ObjectHideFlags: 1
  m_PrefabParentObject: {fileID: 0}
  m_PrefabInternal: {fileID: 100100000}
  m_GameObject: {fileID: 147532}
  m_LocalRotation: {x: 0.00072302006, y: 0.012249252, z: -0.07715171, w: 0.9969439}
  m_LocalPosition: {x: -0.0008564687, y: -0.000025608539, z: 0.00030983068}
  m_LocalScale: {x: 1, y: 0.99999994, z: 0.99999994}
  m_Children:
  - {fileID: 430098}
  m_Father: {fileID: 441514}
  m_RootOrder: 1
  m_LocalEulerAnglesHint: {x: 0, y: 0, z: 0}
--- !u!4 &416174
Transform:
  m_ObjectHideFlags: 1
  m_PrefabParentObject: {fileID: 0}
  m_PrefabInternal: {fileID: 100100000}
  m_GameObject: {fileID: 175468}
  m_LocalRotation: {x: 0.638647, y: 0.085683435, z: -0.76007587, w: 0.084101014}
  m_LocalPosition: {x: 0.0008728891, y: 0.00016349136, z: 0.00071752345}
  m_LocalScale: {x: 1, y: 0.99999994, z: 1}
  m_Children:
  - {fileID: 420314}
  m_Father: {fileID: 417394}
  m_RootOrder: 1
  m_LocalEulerAnglesHint: {x: 0, y: 0, z: 0}
--- !u!4 &417394
Transform:
  m_ObjectHideFlags: 1
  m_PrefabParentObject: {fileID: 0}
  m_PrefabInternal: {fileID: 100100000}
  m_GameObject: {fileID: 105834}
  m_LocalRotation: {x: -0.000000026165774, y: 0.0000004850789, z: -0.11913725, w: 0.99287784}
  m_LocalPosition: {x: -0.0034894, y: -0.00020356837, z: -1.9324943e-10}
  m_LocalScale: {x: 1.0000001, y: 1.0000001, z: 1}
  m_Children:
  - {fileID: 471782}
  - {fileID: 416174}
  - {fileID: 448562}
  m_Father: {fileID: 463330}
  m_RootOrder: 0
  m_LocalEulerAnglesHint: {x: 0, y: 0, z: 0}
--- !u!4 &420314
Transform:
  m_ObjectHideFlags: 1
  m_PrefabParentObject: {fileID: 0}
  m_PrefabInternal: {fileID: 100100000}
  m_GameObject: {fileID: 133366}
  m_LocalRotation: {x: 0.07888952, y: -0.14359666, z: 0.026419168, w: 0.9861331}
  m_LocalPosition: {x: -0.0012704141, y: 0, z: -0.0000000011920929}
  m_LocalScale: {x: 1.0000001, y: 1.0000001, z: 1}
  m_Children:
  - {fileID: 453270}
  m_Father: {fileID: 416174}
  m_RootOrder: 0
  m_LocalEulerAnglesHint: {x: 0, y: 0, z: 0}
--- !u!4 &421150
Transform:
  m_ObjectHideFlags: 1
  m_PrefabParentObject: {fileID: 0}
  m_PrefabInternal: {fileID: 100100000}
  m_GameObject: {fileID: 142132}
  m_LocalRotation: {x: 0.3977846, y: -0.45730162, z: -0.17469081, w: 0.77596766}
  m_LocalPosition: {x: -0.00035315036, y: 0.00010437369, z: -0.00036162935}
  m_LocalScale: {x: 0.9999998, y: 0.9999998, z: 0.9999999}
  m_Children:
  - {fileID: 495770}
  m_Father: {fileID: 452846}
  m_RootOrder: 0
  m_LocalEulerAnglesHint: {x: 0, y: 0, z: 0}
--- !u!4 &422584
Transform:
  m_ObjectHideFlags: 1
  m_PrefabParentObject: {fileID: 0}
  m_PrefabInternal: {fileID: 100100000}
  m_GameObject: {fileID: 144148}
  m_LocalRotation: {x: 0.0000000040465227, y: -0.0000000021585131, z: -0.07174211,
    w: 0.99742323}
  m_LocalPosition: {x: -0.00031371176, y: 2.9802322e-10, z: 0}
  m_LocalScale: {x: 1, y: 0.99999994, z: 1}
  m_Children: []
  m_Father: {fileID: 495338}
  m_RootOrder: 0
  m_LocalEulerAnglesHint: {x: 0, y: 0, z: 0}
--- !u!4 &424148
Transform:
  m_ObjectHideFlags: 1
  m_PrefabParentObject: {fileID: 0}
  m_PrefabInternal: {fileID: 100100000}
  m_GameObject: {fileID: 198806}
  m_LocalRotation: {x: 0.07488308, y: -0.026666012, z: -0.10010689, w: 0.9917964}
  m_LocalPosition: {x: -0.00083348807, y: 0.000072873234, z: -0.00017165266}
  m_LocalScale: {x: 1, y: 1, z: 0.99999994}
  m_Children:
  - {fileID: 457916}
  m_Father: {fileID: 441514}
  m_RootOrder: 3
  m_LocalEulerAnglesHint: {x: 0, y: 0, z: 0}
--- !u!4 &425352
Transform:
  m_ObjectHideFlags: 1
  m_PrefabParentObject: {fileID: 0}
  m_PrefabInternal: {fileID: 100100000}
  m_GameObject: {fileID: 180532}
  m_LocalRotation: {x: 0.025505653, y: -0.005633006, z: -0.07142643, w: 0.9971038}
  m_LocalPosition: {x: -0.00084906875, y: 0.000018615126, z: 0.00006097052}
  m_LocalScale: {x: 1, y: 0.99999994, z: 1}
  m_Children:
  - {fileID: 479268}
  m_Father: {fileID: 441514}
  m_RootOrder: 2
  m_LocalEulerAnglesHint: {x: 0, y: 0, z: 0}
--- !u!4 &428258
Transform:
  m_ObjectHideFlags: 1
  m_PrefabParentObject: {fileID: 0}
  m_PrefabInternal: {fileID: 100100000}
  m_GameObject: {fileID: 157368}
  m_LocalRotation: {x: 0.49065232, y: -0.5449331, z: -0.5024144, w: 0.4581354}
  m_LocalPosition: {x: -0.0006272037, y: 0.00047461444, z: -0.000057318506}
  m_LocalScale: {x: 0.9999996, y: 1, z: 1}
  m_Children: []
  m_Father: {fileID: 406006}
  m_RootOrder: 1
  m_LocalEulerAnglesHint: {x: 0, y: 0, z: 0}
--- !u!4 &430098
Transform:
  m_ObjectHideFlags: 1
  m_PrefabParentObject: {fileID: 0}
  m_PrefabInternal: {fileID: 100100000}
  m_GameObject: {fileID: 173622}
  m_LocalRotation: {x: 0.0000000012107227, y: 0.0000000016943908, z: -0.1561338, w: 0.9877359}
  m_LocalPosition: {x: -0.0004492259, y: 0, z: -3.7252902e-11}
  m_LocalScale: {x: 0.9999999, y: 0.99999994, z: 1}
  m_Children:
  - {fileID: 402286}
  m_Father: {fileID: 413906}
  m_RootOrder: 0
  m_LocalEulerAnglesHint: {x: 0, y: 0, z: 0}
--- !u!4 &439256
Transform:
  m_ObjectHideFlags: 1
  m_PrefabParentObject: {fileID: 0}
  m_PrefabInternal: {fileID: 100100000}
  m_GameObject: {fileID: 104868}
  m_LocalRotation: {x: -0.0007230216, y: -0.01224925, z: -0.07715169, w: 0.9969439}
  m_LocalPosition: {x: -0.0008564687, y: -0.000025607944, z: -0.00030983062}
  m_LocalScale: {x: 0.99999994, y: 0.99999994, z: 0.9999999}
  m_Children:
  - {fileID: 405436}
  m_Father: {fileID: 452846}
  m_RootOrder: 1
  m_LocalEulerAnglesHint: {x: 0, y: 0, z: 0}
--- !u!4 &441514
Transform:
  m_ObjectHideFlags: 1
  m_PrefabParentObject: {fileID: 0}
  m_PrefabInternal: {fileID: 100100000}
  m_GameObject: {fileID: 138590}
  m_LocalRotation: {x: 0.70669067, y: 0.013800156, z: -0.013789171, w: 0.70725363}
  m_LocalPosition: {x: -0.0021572697, y: -3.7252902e-11, z: 5.9604643e-10}
  m_LocalScale: {x: 1, y: 1.0000001, z: 1.0000001}
  m_Children:
  - {fileID: 485334}
  - {fileID: 413906}
  - {fileID: 425352}
  - {fileID: 424148}
  - {fileID: 411268}
  m_Father: {fileID: 496918}
  m_RootOrder: 0
  m_LocalEulerAnglesHint: {x: 0, y: 0, z: 0}
--- !u!4 &442178
Transform:
  m_ObjectHideFlags: 1
  m_PrefabParentObject: {fileID: 0}
  m_PrefabInternal: {fileID: 100100000}
  m_GameObject: {fileID: 109426}
  m_LocalRotation: {x: -0.000000012966729, y: 0.0000000013663259, z: -0.10479152,
    w: 0.9944942}
  m_LocalPosition: {x: -0.00024206488, y: 0, z: 0}
  m_LocalScale: {x: 1, y: 1, z: 1.0000001}
  m_Children:
  - {fileID: 463350}
  m_Father: {fileID: 469312}
  m_RootOrder: 0
  m_LocalEulerAnglesHint: {x: 0, y: 0, z: 0}
--- !u!4 &443858
Transform:
  m_ObjectHideFlags: 1
  m_PrefabParentObject: {fileID: 0}
  m_PrefabInternal: {fileID: 100100000}
  m_GameObject: {fileID: 182726}
  m_LocalRotation: {x: -0.7026301, y: 0.020635823, z: -0.018346094, w: 0.71101934}
  m_LocalPosition: {x: -0.0014655804, y: 0.00018799113, z: 0.0000035985022}
  m_LocalScale: {x: 0.9999996, y: 0.99999976, z: 1.0000001}
  m_Children: []
  m_Father: {fileID: 471782}
  m_RootOrder: 0
  m_LocalEulerAnglesHint: {x: 0, y: 0, z: 0}
--- !u!4 &445506
Transform:
  m_ObjectHideFlags: 1
  m_PrefabParentObject: {fileID: 0}
  m_PrefabInternal: {fileID: 100100000}
  m_GameObject: {fileID: 178498}
  m_LocalRotation: {x: -0.0000000027749751, y: 3.2522404e-10, z: -0.11640221, w: 0.9932022}
  m_LocalPosition: {x: -0.00030665606, y: 5.9604643e-10, z: -3.7252902e-11}
  m_LocalScale: {x: 1, y: 0.99999994, z: 1}
  m_Children: []
  m_Father: {fileID: 455940}
  m_RootOrder: 0
  m_LocalEulerAnglesHint: {x: 0, y: 0, z: 0}
--- !u!4 &446614
Transform:
  m_ObjectHideFlags: 1
  m_PrefabParentObject: {fileID: 0}
  m_PrefabInternal: {fileID: 100100000}
  m_GameObject: {fileID: 172128}
  m_LocalRotation: {x: -0.7071068, y: 0, z: -0, w: 0.7071068}
  m_LocalPosition: {x: 0, y: 0, z: 0}
  m_LocalScale: {x: 1.9653453, y: 1.9653449, z: 1.9653449}
  m_Children: []
  m_Father: {fileID: 481452}
  m_RootOrder: 1
  m_LocalEulerAnglesHint: {x: 0, y: 0, z: 0}
--- !u!4 &446710
Transform:
  m_ObjectHideFlags: 1
  m_PrefabParentObject: {fileID: 0}
  m_PrefabInternal: {fileID: 100100000}
  m_GameObject: {fileID: 167498}
  m_LocalRotation: {x: 0.000000015454313, y: -0.000000015454312, z: -0.7071068, w: 0.7071068}
  m_LocalPosition: {x: -0.0011782784, y: 0.0014111806, z: -1.4901161e-10}
  m_LocalScale: {x: 1, y: 1, z: 1}
  m_Children: []
  m_Father: {fileID: 471382}
  m_RootOrder: 0
  m_LocalEulerAnglesHint: {x: 0, y: 0, z: 0}
--- !u!4 &448562
Transform:
  m_ObjectHideFlags: 1
  m_PrefabParentObject: {fileID: 0}
  m_PrefabInternal: {fileID: 100100000}
  m_GameObject: {fileID: 197986}
  m_LocalRotation: {x: -0.63864654, y: -0.08568128, z: -0.76007634, w: 0.08410281}
  m_LocalPosition: {x: 0.0008728891, y: 0.00016349547, z: -0.00071752287}
  m_LocalScale: {x: 1, y: 1, z: 1.0000001}
  m_Children:
  - {fileID: 453218}
  m_Father: {fileID: 417394}
  m_RootOrder: 2
  m_LocalEulerAnglesHint: {x: 0, y: 0, z: 0}
--- !u!4 &448726
Transform:
  m_ObjectHideFlags: 1
  m_PrefabParentObject: {fileID: 0}
  m_PrefabInternal: {fileID: 100100000}
  m_GameObject: {fileID: 196734}
  m_LocalRotation: {x: 0.0000000052410827, y: -0.0000000017775703, z: -0.0717421,
    w: 0.99742323}
  m_LocalPosition: {x: -0.00031371147, y: 0, z: 0}
  m_LocalScale: {x: 1.0000001, y: 1.0000001, z: 1}
  m_Children: []
  m_Father: {fileID: 495770}
  m_RootOrder: 0
  m_LocalEulerAnglesHint: {x: 0, y: 0, z: 0}
--- !u!4 &452846
Transform:
  m_ObjectHideFlags: 1
  m_PrefabParentObject: {fileID: 0}
  m_PrefabInternal: {fileID: 100100000}
  m_GameObject: {fileID: 182802}
  m_LocalRotation: {x: -0.70669067, y: -0.013800145, z: -0.013789161, w: 0.70725363}
  m_LocalPosition: {x: -0.0021572697, y: 7.4505804e-11, z: 0}
  m_LocalScale: {x: 1, y: 1.0000001, z: 1}
  m_Children:
  - {fileID: 421150}
  - {fileID: 439256}
  - {fileID: 457616}
  - {fileID: 483196}
  - {fileID: 469312}
  m_Father: {fileID: 453270}
  m_RootOrder: 0
  m_LocalEulerAnglesHint: {x: 0, y: 0, z: 0}
--- !u!4 &453218
Transform:
  m_ObjectHideFlags: 1
  m_PrefabParentObject: {fileID: 0}
  m_PrefabInternal: {fileID: 100100000}
  m_GameObject: {fileID: 155846}
  m_LocalRotation: {x: -0.078889534, y: 0.14359653, z: 0.026419176, w: 0.9861331}
  m_LocalPosition: {x: -0.001270414, y: 3.7252902e-11, z: -5.9604643e-10}
  m_LocalScale: {x: 1, y: 1, z: 1}
  m_Children:
  - {fileID: 496918}
  m_Father: {fileID: 448562}
  m_RootOrder: 0
  m_LocalEulerAnglesHint: {x: 0, y: 0, z: 0}
--- !u!4 &453270
Transform:
  m_ObjectHideFlags: 1
  m_PrefabParentObject: {fileID: 0}
  m_PrefabInternal: {fileID: 100100000}
  m_GameObject: {fileID: 183134}
  m_LocalRotation: {x: -0.0000000018622721, y: 0.000000014901207, z: -0.000025038607,
    w: 1}
  m_LocalPosition: {x: -0.0027325419, y: 0, z: 0}
  m_LocalScale: {x: 1, y: 0.99999994, z: 1}
  m_Children:
  - {fileID: 452846}
  m_Father: {fileID: 420314}
  m_RootOrder: 0
  m_LocalEulerAnglesHint: {x: 0, y: 0, z: 0}
--- !u!4 &455940
Transform:
  m_ObjectHideFlags: 1
  m_PrefabParentObject: {fileID: 0}
  m_PrefabInternal: {fileID: 100100000}
  m_GameObject: {fileID: 156430}
  m_LocalRotation: {x: 0.000000003975857, y: 0.0000000012408843, z: -0.16042654, w: 0.9870478}
  m_LocalPosition: {x: -0.00036260783, y: -5.9604643e-10, z: 0}
  m_LocalScale: {x: 1, y: 1, z: 0.99999994}
  m_Children:
  - {fileID: 445506}
  m_Father: {fileID: 483196}
  m_RootOrder: 0
  m_LocalEulerAnglesHint: {x: 0, y: 0, z: 0}
--- !u!4 &457616
Transform:
  m_ObjectHideFlags: 1
  m_PrefabParentObject: {fileID: 0}
  m_PrefabInternal: {fileID: 100100000}
  m_GameObject: {fileID: 116924}
  m_LocalRotation: {x: -0.025505653, y: 0.005633005, z: -0.071426444, w: 0.9971038}
  m_LocalPosition: {x: -0.00084906875, y: 0.000018615723, z: -0.00006097052}
  m_LocalScale: {x: 0.9999999, y: 0.9999999, z: 0.9999999}
  m_Children:
  - {fileID: 483580}
  m_Father: {fileID: 452846}
  m_RootOrder: 2
  m_LocalEulerAnglesHint: {x: 0, y: 0, z: 0}
--- !u!4 &457916
Transform:
  m_ObjectHideFlags: 1
  m_PrefabParentObject: {fileID: 0}
  m_PrefabInternal: {fileID: 100100000}
  m_GameObject: {fileID: 155572}
  m_LocalRotation: {x: 6.204422e-10, y: -0.0000000019879287, z: -0.16042653, w: 0.9870478}
  m_LocalPosition: {x: -0.00036260783, y: -0.0000000011920929, z: 0}
  m_LocalScale: {x: 0.99999994, y: 1, z: 1}
  m_Children:
  - {fileID: 497112}
  m_Father: {fileID: 424148}
  m_RootOrder: 0
  m_LocalEulerAnglesHint: {x: 0, y: 0, z: 0}
--- !u!4 &458756
Transform:
  m_ObjectHideFlags: 1
  m_PrefabParentObject: {fileID: 0}
  m_PrefabInternal: {fileID: 100100000}
  m_GameObject: {fileID: 152870}
  m_LocalRotation: {x: -0.045163926, y: -0.9984849, z: 0.004805098, w: 0.031064598}
  m_LocalPosition: {x: 0.0012061934, y: -0.00015865955, z: -0.00089350773}
  m_LocalScale: {x: 1, y: 1.0000001, z: 1.0000001}
  m_Children:
  - {fileID: 488598}
  - {fileID: 403474}
  m_Father: {fileID: 494702}
  m_RootOrder: 1
  m_LocalEulerAnglesHint: {x: 0, y: 0, z: 0}
--- !u!4 &460888
Transform:
  m_ObjectHideFlags: 1
  m_PrefabParentObject: {fileID: 0}
  m_PrefabInternal: {fileID: 100100000}
  m_GameObject: {fileID: 133382}
  m_LocalRotation: {x: -0.0000000018523898, y: 1.9518948e-10, z: -0.10479155, w: 0.9944942}
  m_LocalPosition: {x: -0.00024206459, y: 0, z: 0}
  m_LocalScale: {x: 1, y: 1, z: 1}
  m_Children:
  - {fileID: 468138}
  m_Father: {fileID: 411268}
  m_RootOrder: 0
  m_LocalEulerAnglesHint: {x: 0, y: 0, z: 0}
--- !u!4 &463330
Transform:
  m_ObjectHideFlags: 1
  m_PrefabParentObject: {fileID: 0}
  m_PrefabInternal: {fileID: 100100000}
  m_GameObject: {fileID: 106384}
  m_LocalRotation: {x: -9.230322e-10, y: -0.00000018580887, z: 0.044430885, w: 0.9990125}
  m_LocalPosition: {x: -0.0018325063, y: -0.0000024265423, z: -6.984919e-12}
  m_LocalScale: {x: 1.0000001, y: 1.0000001, z: 1}
  m_Children:
  - {fileID: 417394}
  m_Father: {fileID: 494702}
  m_RootOrder: 2
  m_LocalEulerAnglesHint: {x: 0, y: 0, z: 0}
--- !u!4 &463350
Transform:
  m_ObjectHideFlags: 1
  m_PrefabParentObject: {fileID: 0}
  m_PrefabInternal: {fileID: 100100000}
  m_GameObject: {fileID: 119330}
  m_LocalRotation: {x: -0.000000010980256, y: 0.000000007735967, z: -0.025757214,
    w: 0.99966824}
  m_LocalPosition: {x: -0.00019924923, y: 0, z: 0}
  m_LocalScale: {x: 1.0000001, y: 1.0000001, z: 1.0000001}
  m_Children: []
  m_Father: {fileID: 442178}
  m_RootOrder: 0
  m_LocalEulerAnglesHint: {x: 0, y: 0, z: 0}
--- !u!4 &468138
Transform:
  m_ObjectHideFlags: 1
  m_PrefabParentObject: {fileID: 0}
  m_PrefabInternal: {fileID: 100100000}
  m_GameObject: {fileID: 199208}
  m_LocalRotation: {x: 0.000000003628101, y: -0.000000003820007, z: -0.025757214,
    w: 0.99966824}
  m_LocalPosition: {x: -0.00019924954, y: 0, z: 0}
  m_LocalScale: {x: 1.0000001, y: 1.0000001, z: 1.0000001}
  m_Children: []
  m_Father: {fileID: 460888}
  m_RootOrder: 0
  m_LocalEulerAnglesHint: {x: 0, y: 0, z: 0}
--- !u!4 &469312
Transform:
  m_ObjectHideFlags: 1
  m_PrefabParentObject: {fileID: 0}
  m_PrefabInternal: {fileID: 100100000}
  m_GameObject: {fileID: 180328}
  m_LocalRotation: {x: -0.12618634, y: 0.0629712, z: -0.1320936, w: 0.9811539}
  m_LocalPosition: {x: -0.00072792824, y: 0.0001634258, z: 0.00035867194}
  m_LocalScale: {x: 0.9999999, y: 0.9999998, z: 0.9999999}
  m_Children:
  - {fileID: 442178}
  m_Father: {fileID: 452846}
  m_RootOrder: 4
  m_LocalEulerAnglesHint: {x: 0, y: 0, z: 0}
--- !u!4 &471382
Transform:
  m_ObjectHideFlags: 1
  m_PrefabParentObject: {fileID: 0}
  m_PrefabInternal: {fileID: 100100000}
  m_GameObject: {fileID: 174780}
  m_LocalRotation: {x: -0.04159372, y: 0.03293914, z: -0.038624156, w: 0.9978443}
  m_LocalPosition: {x: -0.003193619, y: 1.8626451e-11, z: 7.4505804e-11}
  m_LocalScale: {x: 1.0000001, y: 1.0000001, z: 1}
  m_Children:
  - {fileID: 446710}
  m_Father: {fileID: 494102}
  m_RootOrder: 0
  m_LocalEulerAnglesHint: {x: 0, y: 0, z: 0}
--- !u!4 &471782
Transform:
  m_ObjectHideFlags: 1
  m_PrefabParentObject: {fileID: 0}
  m_PrefabInternal: {fileID: 100100000}
  m_GameObject: {fileID: 105042}
  m_LocalRotation: {x: 0.00000002926673, y: -0.00000031547853, z: 0.07904696, w: 0.99687093}
  m_LocalPosition: {x: -0.00054034946, y: -1.4901161e-10, z: 0}
  m_LocalScale: {x: 1, y: 1, z: 1}
  m_Children:
  - {fileID: 443858}
  m_Father: {fileID: 417394}
  m_RootOrder: 0
  m_LocalEulerAnglesHint: {x: 0, y: 0, z: 0}
--- !u!4 &474176
Transform:
  m_ObjectHideFlags: 1
  m_PrefabParentObject: {fileID: 0}
  m_PrefabInternal: {fileID: 100100000}
  m_GameObject: {fileID: 135828}
  m_LocalRotation: {x: -0.000000012820133, y: 0.000000018088489, z: -0.7071068, w: 0.7071068}
  m_LocalPosition: {x: -0.0011782784, y: 0.001411181, z: 1.4901161e-10}
  m_LocalScale: {x: 1, y: 1, z: 1}
  m_Children: []
  m_Father: {fileID: 484294}
  m_RootOrder: 0
  m_LocalEulerAnglesHint: {x: 0, y: 0, z: 0}
--- !u!4 &478810
Transform:
  m_ObjectHideFlags: 1
  m_PrefabParentObject: {fileID: 0}
  m_PrefabInternal: {fileID: 100100000}
  m_GameObject: {fileID: 163212}
  m_LocalRotation: {x: 0.000000001972823, y: -0.0000000011689096, z: -0.11640226,
    w: 0.99320215}
  m_LocalPosition: {x: -0.00038891792, y: 5.9604643e-10, z: -4.1909514e-11}
  m_LocalScale: {x: 1.0000001, y: 1, z: 1}
  m_Children: []
  m_Father: {fileID: 483580}
  m_RootOrder: 0
  m_LocalEulerAnglesHint: {x: 0, y: 0, z: 0}
--- !u!4 &479268
Transform:
  m_ObjectHideFlags: 1
  m_PrefabParentObject: {fileID: 0}
  m_PrefabInternal: {fileID: 100100000}
  m_GameObject: {fileID: 160926}
  m_LocalRotation: {x: 7.349534e-10, y: -0.0000000010929624, z: -0.19220465, w: 0.9813549}
  m_LocalPosition: {x: -0.0005030149, y: -5.9604643e-10, z: -4.6566128e-12}
  m_LocalScale: {x: 1.0000001, y: 1, z: 1}
  m_Children:
  - {fileID: 410072}
  m_Father: {fileID: 425352}
  m_RootOrder: 0
  m_LocalEulerAnglesHint: {x: 0, y: 0, z: 0}
--- !u!4 &479562
Transform:
  m_ObjectHideFlags: 1
  m_PrefabParentObject: {fileID: 0}
  m_PrefabInternal: {fileID: 100100000}
  m_GameObject: {fileID: 111278}
  m_LocalRotation: {x: -0.5, y: 0.5, z: 0.5, w: 0.5}
  m_LocalPosition: {x: 0.0017194884, y: -0.005461072, z: 0.02804331}
  m_LocalScale: {x: 99.99999, y: 99.99999, z: 100}
  m_Children:
  - {fileID: 484092}
  m_Father: {fileID: 481452}
  m_RootOrder: 0
  m_LocalEulerAnglesHint: {x: 0, y: 0, z: 0}
--- !u!4 &481452
Transform:
  m_ObjectHideFlags: 1
  m_PrefabParentObject: {fileID: 0}
  m_PrefabInternal: {fileID: 100100000}
  m_GameObject: {fileID: 165322}
  m_LocalRotation: {x: 0, y: 0, z: 0, w: 1}
  m_LocalPosition: {x: -0.9663755, y: 0.484, z: -0.9928513}
  m_LocalScale: {x: 0.2, y: 0.2, z: 0.2}
  m_Children:
  - {fileID: 479562}
  - {fileID: 446614}
  m_Father: {fileID: 0}
  m_RootOrder: 0
  m_LocalEulerAnglesHint: {x: 0, y: 0, z: 0}
--- !u!4 &482624
Transform:
  m_ObjectHideFlags: 1
  m_PrefabParentObject: {fileID: 0}
  m_PrefabInternal: {fileID: 100100000}
  m_GameObject: {fileID: 121848}
  m_LocalRotation: {x: -0.0000000018055506, y: 0.0000000019180415, z: -0.030196493,
    w: 0.999544}
  m_LocalPosition: {x: -0.0002985464, y: 0, z: 0}
  m_LocalScale: {x: 0.99999994, y: 0.99999994, z: 0.99999994}
  m_Children: []
  m_Father: {fileID: 405436}
  m_RootOrder: 0
  m_LocalEulerAnglesHint: {x: 0, y: 0, z: 0}
--- !u!4 &483196
Transform:
  m_ObjectHideFlags: 1
  m_PrefabParentObject: {fileID: 0}
  m_PrefabInternal: {fileID: 100100000}
  m_GameObject: {fileID: 153224}
  m_LocalRotation: {x: -0.074883096, y: 0.026666017, z: -0.10010687, w: 0.9917964}
  m_LocalPosition: {x: -0.0008334896, y: 0.000072873234, z: 0.00017165269}
  m_LocalScale: {x: 0.99999994, y: 0.9999999, z: 0.9999998}
  m_Children:
  - {fileID: 455940}
  m_Father: {fileID: 452846}
  m_RootOrder: 3
  m_LocalEulerAnglesHint: {x: 0, y: 0, z: 0}
--- !u!4 &483580
Transform:
  m_ObjectHideFlags: 1
  m_PrefabParentObject: {fileID: 0}
  m_PrefabInternal: {fileID: 100100000}
  m_GameObject: {fileID: 135380}
  m_LocalRotation: {x: 4.5697898e-10, y: -8.950228e-11, z: -0.19220468, w: 0.9813549}
  m_LocalPosition: {x: -0.0005030149, y: 0, z: 4.1909514e-11}
  m_LocalScale: {x: 1.0000001, y: 1, z: 1}
  m_Children:
  - {fileID: 478810}
  m_Father: {fileID: 457616}
  m_RootOrder: 0
  m_LocalEulerAnglesHint: {x: 0, y: 0, z: 0}
--- !u!4 &484092
Transform:
  m_ObjectHideFlags: 1
  m_PrefabParentObject: {fileID: 0}
  m_PrefabInternal: {fileID: 100100000}
  m_GameObject: {fileID: 174906}
  m_LocalRotation: {x: -0.49999964, y: 0.50000036, z: 0.49999964, w: 0.50000036}
  m_LocalPosition: {x: 8.881784e-18, y: 2.7755575e-19, z: 0}
  m_LocalScale: {x: 1, y: 0.99999994, z: 0.99999994}
  m_Children:
  - {fileID: 494702}
  m_Father: {fileID: 479562}
  m_RootOrder: 0
  m_LocalEulerAnglesHint: {x: 0, y: 0, z: 0}
--- !u!4 &484294
Transform:
  m_ObjectHideFlags: 1
  m_PrefabParentObject: {fileID: 0}
  m_PrefabInternal: {fileID: 100100000}
  m_GameObject: {fileID: 183866}
  m_LocalRotation: {x: 0.041593723, y: -0.03293923, z: -0.038624164, w: 0.9978443}
  m_LocalPosition: {x: -0.0031936185, y: 5.5879353e-11, z: -7.4505804e-11}
  m_LocalScale: {x: 1.0000001, y: 1, z: 1}
  m_Children:
  - {fileID: 474176}
  m_Father: {fileID: 488598}
  m_RootOrder: 0
  m_LocalEulerAnglesHint: {x: 0, y: 0, z: 0}
--- !u!4 &485334
Transform:
  m_ObjectHideFlags: 1
  m_PrefabParentObject: {fileID: 0}
  m_PrefabInternal: {fileID: 100100000}
  m_GameObject: {fileID: 169964}
  m_LocalRotation: {x: -0.3977846, y: 0.45730162, z: -0.1746908, w: 0.77596766}
  m_LocalPosition: {x: -0.00035315036, y: 0.00010437369, z: 0.0003616293}
  m_LocalScale: {x: 0.9999999, y: 0.9999999, z: 0.99999994}
  m_Children:
  - {fileID: 495338}
  m_Father: {fileID: 441514}
  m_RootOrder: 0
  m_LocalEulerAnglesHint: {x: 0, y: 0, z: 0}
--- !u!4 &488598
Transform:
  m_ObjectHideFlags: 1
  m_PrefabParentObject: {fileID: 0}
  m_PrefabInternal: {fileID: 100100000}
  m_GameObject: {fileID: 170382}
  m_LocalRotation: {x: -8.9691854e-10, y: 0.000000003733722, z: -0.009224638, w: 0.99995744}
  m_LocalPosition: {x: -0.004818845, y: 9.313225e-11, z: 7.4505804e-11}
  m_LocalScale: {x: 1.0000001, y: 0.99999994, z: 1.0000001}
  m_Children:
  - {fileID: 484294}
  m_Father: {fileID: 458756}
  m_RootOrder: 0
  m_LocalEulerAnglesHint: {x: 0, y: 0, z: 0}
--- !u!4 &494102
Transform:
  m_ObjectHideFlags: 1
  m_PrefabParentObject: {fileID: 0}
  m_PrefabInternal: {fileID: 100100000}
  m_GameObject: {fileID: 170834}
  m_LocalRotation: {x: 6.984622e-10, y: -6.4433354e-12, z: -0.009224638, w: 0.99995744}
  m_LocalPosition: {x: -0.0048188455, y: -1.8626451e-11, z: 0}
  m_LocalScale: {x: 1.0000001, y: 1, z: 1.0000001}
  m_Children:
  - {fileID: 471382}
  m_Father: {fileID: 406006}
  m_RootOrder: 0
  m_LocalEulerAnglesHint: {x: 0, y: 0, z: 0}
--- !u!4 &494702
Transform:
  m_ObjectHideFlags: 1
  m_PrefabParentObject: {fileID: 0}
  m_PrefabInternal: {fileID: 100100000}
  m_GameObject: {fileID: 103230}
  m_LocalRotation: {x: -0.0000020858492, y: 0.00000070153936, z: -0.0041534486, w: 0.9999914}
  m_LocalPosition: {x: -0.0012048336, y: 0.00016867621, z: 0.0000000012037344}
  m_LocalScale: {x: 1, y: 1, z: 0.99999994}
  m_Children:
  - {fileID: 406006}
  - {fileID: 458756}
  - {fileID: 463330}
  m_Father: {fileID: 484092}
  m_RootOrder: 0
  m_LocalEulerAnglesHint: {x: 0, y: 0, z: 0}
--- !u!4 &495338
Transform:
  m_ObjectHideFlags: 1
  m_PrefabParentObject: {fileID: 0}
  m_PrefabInternal: {fileID: 100100000}
  m_GameObject: {fileID: 136834}
  m_LocalRotation: {x: -0.0000000061099454, y: 0.0000000058734124, z: -0.11640221,
    w: 0.9932022}
  m_LocalPosition: {x: -0.00018735393, y: 0, z: -5.9604643e-10}
  m_LocalScale: {x: 0.99999994, y: 1, z: 1}
  m_Children:
  - {fileID: 422584}
  m_Father: {fileID: 485334}
  m_RootOrder: 0
  m_LocalEulerAnglesHint: {x: 0, y: 0, z: 0}
--- !u!4 &495770
Transform:
  m_ObjectHideFlags: 1
  m_PrefabParentObject: {fileID: 0}
  m_PrefabInternal: {fileID: 100100000}
  m_GameObject: {fileID: 190130}
  m_LocalRotation: {x: 0.0000000032446865, y: -0.0000000013179706, z: -0.1164022,
    w: 0.9932022}
  m_LocalPosition: {x: -0.00018735393, y: 0, z: -5.9604643e-10}
  m_LocalScale: {x: 1, y: 1.0000001, z: 1.0000001}
  m_Children:
  - {fileID: 448726}
  m_Father: {fileID: 421150}
  m_RootOrder: 0
  m_LocalEulerAnglesHint: {x: 0, y: 0, z: 0}
--- !u!4 &496918
Transform:
  m_ObjectHideFlags: 1
  m_PrefabParentObject: {fileID: 0}
  m_PrefabInternal: {fileID: 100100000}
  m_GameObject: {fileID: 192438}
  m_LocalRotation: {x: 0.0000000037245442, y: -0.000000029802415, z: -0.00002504047,
    w: 1}
  m_LocalPosition: {x: -0.0027325414, y: 3.7252902e-11, z: 0}
  m_LocalScale: {x: 1, y: 0.99999994, z: 1}
  m_Children:
  - {fileID: 441514}
  m_Father: {fileID: 453218}
  m_RootOrder: 0
  m_LocalEulerAnglesHint: {x: 0, y: 0, z: 0}
--- !u!4 &497112
Transform:
  m_ObjectHideFlags: 1
  m_PrefabParentObject: {fileID: 0}
  m_PrefabInternal: {fileID: 100100000}
  m_GameObject: {fileID: 117788}
  m_LocalRotation: {x: -9.538556e-10, y: 0.0000000038625787, z: -0.1164022, w: 0.9932022}
  m_LocalPosition: {x: -0.00030665606, y: 0, z: 3.7252902e-11}
  m_LocalScale: {x: 1, y: 0.99999994, z: 1.0000001}
  m_Children: []
  m_Father: {fileID: 457916}
  m_RootOrder: 0
  m_LocalEulerAnglesHint: {x: 0, y: 0, z: 0}
--- !u!111 &11100746
Animation:
  m_ObjectHideFlags: 1
  m_PrefabParentObject: {fileID: 0}
  m_PrefabInternal: {fileID: 100100000}
  m_GameObject: {fileID: 165322}
  m_Enabled: 1
  serializedVersion: 3
  m_Animation: {fileID: 7400012, guid: 449b48f7eb5d87a4baaa5fb73f875a59, type: 3}
  m_Animations:
  - {fileID: 7400012, guid: 449b48f7eb5d87a4baaa5fb73f875a59, type: 3}
  - {fileID: 7400016, guid: 449b48f7eb5d87a4baaa5fb73f875a59, type: 3}
  - {fileID: 7400018, guid: 449b48f7eb5d87a4baaa5fb73f875a59, type: 3}
  - {fileID: 7400014, guid: 449b48f7eb5d87a4baaa5fb73f875a59, type: 3}
  m_WrapMode: 0
  m_PlayAutomatically: 1
  m_AnimatePhysics: 0
  m_CullingType: 1
--- !u!114 &11469798
MonoBehaviour:
  m_ObjectHideFlags: 1
  m_PrefabParentObject: {fileID: 0}
  m_PrefabInternal: {fileID: 100100000}
  m_GameObject: {fileID: 165322}
  m_Enabled: 1
  m_EditorHideFlags: 0
  m_Script: {fileID: 11500000, guid: 1d5ac211a643e447ca78c2d794a16381, type: 3}
  m_Name: 
  m_EditorClassIdentifier: 
  idleAnimation: {fileID: 7400012, guid: 449b48f7eb5d87a4baaa5fb73f875a59, type: 3}
  walkAnimation: {fileID: 7400016, guid: 449b48f7eb5d87a4baaa5fb73f875a59, type: 3}
  runAnimation: {fileID: 7400014, guid: 449b48f7eb5d87a4baaa5fb73f875a59, type: 3}
  jumpPoseAnimation: {fileID: 7400018, guid: 449b48f7eb5d87a4baaa5fb73f875a59, type: 3}
  walkMaxAnimationSpeed: 0.9
  trotMaxAnimationSpeed: 1.3
  runMaxAnimationSpeed: 0.9
  jumpAnimationSpeed: 1.15
  landAnimationSpeed: 1
  walkSpeed: 0
  trotSpeed: 4
  runSpeed: 0
  inAirControlAcceleration: 3
  jumpHeight: 1
  gravity: 0
  speedSmoothing: 10
  rotateSpeed: 500
  trotAfterSeconds: 2
  canJump: 0
--- !u!137 &13717518
SkinnedMeshRenderer:
  m_ObjectHideFlags: 1
  m_PrefabParentObject: {fileID: 0}
  m_PrefabInternal: {fileID: 100100000}
  m_GameObject: {fileID: 174906}
  m_Enabled: 1
  m_CastShadows: 1
  m_ReceiveShadows: 1
  m_DynamicOccludee: 1
  m_MotionVectors: 1
  m_LightProbeUsage: 1
  m_ReflectionProbeUsage: 1
  m_Materials:
  - {fileID: 2100000, guid: c6bcb494f1436474fb1344caaa66ec8a, type: 2}
  m_StaticBatchInfo:
    firstSubMesh: 0
    subMeshCount: 0
  m_StaticBatchRoot: {fileID: 0}
  m_ProbeAnchor: {fileID: 0}
  m_LightProbeVolumeOverride: {fileID: 0}
  m_ScaleInLightmap: 1
  m_PreserveUVs: 0
  m_IgnoreNormalsForChartDetection: 0
  m_ImportantGI: 0
  m_StitchLightmapSeams: 0
  m_SelectedEditorRenderState: 3
  m_MinimumChartSize: 4
  m_AutoUVMaxDistance: 0.5
  m_AutoUVMaxAngle: 89
  m_LightmapParameters: {fileID: 0}
  m_SortingLayerID: 0
  m_SortingLayer: 0
  m_SortingOrder: 0
  serializedVersion: 2
  m_Quality: 0
  m_UpdateWhenOffscreen: 0
  m_SkinnedMotionVectors: 1
  m_Mesh: {fileID: 4300000, guid: 449b48f7eb5d87a4baaa5fb73f875a59, type: 3}
  m_Bones:
  - {fileID: 484092}
  - {fileID: 494702}
  - {fileID: 458756}
  - {fileID: 403474}
  - {fileID: 463330}
  - {fileID: 406006}
  - {fileID: 416174}
  - {fileID: 420314}
  - {fileID: 448562}
  - {fileID: 453218}
  - {fileID: 488598}
  - {fileID: 494102}
  - {fileID: 496918}
  - {fileID: 484294}
  - {fileID: 474176}
  - {fileID: 417394}
  - {fileID: 471782}
  - {fileID: 443858}
  - {fileID: 441514}
  - {fileID: 428258}
  - {fileID: 424148}
  - {fileID: 457916}
  - {fileID: 497112}
  - {fileID: 411268}
  - {fileID: 460888}
  - {fileID: 468138}
  - {fileID: 425352}
  - {fileID: 479268}
  - {fileID: 410072}
  - {fileID: 402286}
  - {fileID: 485334}
  - {fileID: 495338}
  - {fileID: 422584}
  - {fileID: 413906}
  - {fileID: 430098}
  - {fileID: 453270}
  - {fileID: 452846}
  - {fileID: 483196}
  - {fileID: 455940}
  - {fileID: 445506}
  - {fileID: 469312}
  - {fileID: 442178}
  - {fileID: 463350}
  - {fileID: 457616}
  - {fileID: 483580}
  - {fileID: 478810}
  - {fileID: 482624}
  - {fileID: 421150}
  - {fileID: 495770}
  - {fileID: 448726}
  - {fileID: 439256}
  - {fileID: 405436}
  - {fileID: 471382}
  - {fileID: 446710}
  m_BlendShapeWeights: []
  m_RootBone: {fileID: 0}
  m_AABB:
    m_Center: {x: 0.000023569912, y: -0.00012938539, z: 0.0000000027939677}
    m_Extent: {x: 0.009259784, y: 0.0016753336, z: 0.007830089}
  m_DirtyAABB: 0
--- !u!143 &14325074
CharacterController:
  m_ObjectHideFlags: 1
  m_PrefabParentObject: {fileID: 0}
  m_PrefabInternal: {fileID: 100100000}
  m_GameObject: {fileID: 165322}
  m_Material: {fileID: 0}
  m_IsTrigger: 0
  m_Enabled: 1
  serializedVersion: 2
  m_Height: 1.8327053
  m_Radius: 0.3
  m_SlopeLimit: 45
  m_StepOffset: 0.3
  m_SkinWidth: 0.08
  m_MinMoveDistance: 0
  m_Center: {x: 0, y: 0, z: 0}
--- !u!1001 &100100000
Prefab:
  m_ObjectHideFlags: 1
  serializedVersion: 2
  m_Modification:
    m_TransformParent: {fileID: 0}
    m_Modifications:
    - target: {fileID: 0}
      propertyPath: m_Animations.Array.size
      value: 4
      objectReference: {fileID: 0}
    - target: {fileID: 0}
      propertyPath: idleAnimation
      value: 
      objectReference: {fileID: 7400012, guid: 449b48f7eb5d87a4baaa5fb73f875a59, type: 3}
    - target: {fileID: 0}
      propertyPath: walkAnimation
      value: 
      objectReference: {fileID: 7400016, guid: 449b48f7eb5d87a4baaa5fb73f875a59, type: 3}
    - target: {fileID: 0}
      propertyPath: runAnimation
      value: 
      objectReference: {fileID: 7400014, guid: 449b48f7eb5d87a4baaa5fb73f875a59, type: 3}
    - target: {fileID: 0}
      propertyPath: jumpPoseAnimation
      value: 
      objectReference: {fileID: 7400018, guid: 449b48f7eb5d87a4baaa5fb73f875a59, type: 3}
    - target: {fileID: 0}
      propertyPath: m_Animations.Array.data[0]
      value: 
      objectReference: {fileID: 7400012, guid: 449b48f7eb5d87a4baaa5fb73f875a59, type: 3}
    - target: {fileID: 0}
      propertyPath: m_Animations.Array.data[1]
      value: 
      objectReference: {fileID: 7400016, guid: 449b48f7eb5d87a4baaa5fb73f875a59, type: 3}
    - target: {fileID: 0}
      propertyPath: m_Animations.Array.data[2]
      value: 
      objectReference: {fileID: 7400018, guid: 449b48f7eb5d87a4baaa5fb73f875a59, type: 3}
    - target: {fileID: 0}
      propertyPath: m_Animations.Array.data[3]
      value: 
      objectReference: {fileID: 7400014, guid: 449b48f7eb5d87a4baaa5fb73f875a59, type: 3}
    - target: {fileID: 0}
      propertyPath: m_Animations.Array.data[4]
      value: 
      objectReference: {fileID: 7400012, guid: 449b48f7eb5d87a4baaa5fb73f875a59, type: 3}
    - target: {fileID: 0}
      propertyPath: m_Animations.Array.data[5]
      value: 
      objectReference: {fileID: 7400016, guid: 449b48f7eb5d87a4baaa5fb73f875a59, type: 3}
    - target: {fileID: 0}
      propertyPath: m_Animations.Array.data[6]
      value: 
      objectReference: {fileID: 7400018, guid: 449b48f7eb5d87a4baaa5fb73f875a59, type: 3}
    - target: {fileID: 0}
      propertyPath: m_Animations.Array.data[7]
      value: 
      objectReference: {fileID: 7400014, guid: 449b48f7eb5d87a4baaa5fb73f875a59, type: 3}
    - target: {fileID: 0}
      propertyPath: m_Animations.Array.data[8]
      value: 
      objectReference: {fileID: 7400014, guid: 449b48f7eb5d87a4baaa5fb73f875a59, type: 3}
    - target: {fileID: 0}
      propertyPath: m_Animations.Array.data[9]
      value: 
      objectReference: {fileID: 7400014, guid: 449b48f7eb5d87a4baaa5fb73f875a59, type: 3}
    - target: {fileID: 0}
      propertyPath: m_Animations.Array.data[10]
      value: 
      objectReference: {fileID: 7400014, guid: 449b48f7eb5d87a4baaa5fb73f875a59, type: 3}
    - target: {fileID: 0}
      propertyPath: m_Animations.Array.data[11]
      value: 
      objectReference: {fileID: 7400014, guid: 449b48f7eb5d87a4baaa5fb73f875a59, type: 3}
    - target: {fileID: 0}
      propertyPath: m_Animations.Array.data[12]
      value: 
      objectReference: {fileID: 7400014, guid: 449b48f7eb5d87a4baaa5fb73f875a59, type: 3}
    - target: {fileID: 0}
      propertyPath: m_Animations.Array.data[13]
      value: 
      objectReference: {fileID: 7400014, guid: 449b48f7eb5d87a4baaa5fb73f875a59, type: 3}
    - target: {fileID: 0}
      propertyPath: m_Animations.Array.data[14]
      value: 
      objectReference: {fileID: 7400014, guid: 449b48f7eb5d87a4baaa5fb73f875a59, type: 3}
    - target: {fileID: 0}
      propertyPath: m_Animations.Array.data[15]
      value: 
      objectReference: {fileID: 7400014, guid: 449b48f7eb5d87a4baaa5fb73f875a59, type: 3}
    - target: {fileID: 0}
      propertyPath: m_Animations.Array.data[16]
      value: 
      objectReference: {fileID: 7400014, guid: 449b48f7eb5d87a4baaa5fb73f875a59, type: 3}
    - target: {fileID: 0}
      propertyPath: m_Animations.Array.data[17]
      value: 
      objectReference: {fileID: 7400014, guid: 449b48f7eb5d87a4baaa5fb73f875a59, type: 3}
    - target: {fileID: 0}
      propertyPath: m_Animations.Array.data[18]
      value: 
      objectReference: {fileID: 7400014, guid: 449b48f7eb5d87a4baaa5fb73f875a59, type: 3}
    - target: {fileID: 0}
      propertyPath: m_Animations.Array.data[19]
      value: 
      objectReference: {fileID: 7400014, guid: 449b48f7eb5d87a4baaa5fb73f875a59, type: 3}
    - target: {fileID: 0}
      propertyPath: m_Animations.Array.data[20]
      value: 
      objectReference: {fileID: 7400014, guid: 449b48f7eb5d87a4baaa5fb73f875a59, type: 3}
    - target: {fileID: 0}
      propertyPath: m_Animations.Array.data[21]
      value: 
      objectReference: {fileID: 7400014, guid: 449b48f7eb5d87a4baaa5fb73f875a59, type: 3}
    - target: {fileID: 0}
      propertyPath: m_Animations.Array.data[22]
      value: 
      objectReference: {fileID: 7400014, guid: 449b48f7eb5d87a4baaa5fb73f875a59, type: 3}
    - target: {fileID: 0}
      propertyPath: m_Animations.Array.data[23]
      value: 
      objectReference: {fileID: 7400014, guid: 449b48f7eb5d87a4baaa5fb73f875a59, type: 3}
    - target: {fileID: 0}
      propertyPath: m_Animations.Array.data[24]
      value: 
      objectReference: {fileID: 7400014, guid: 449b48f7eb5d87a4baaa5fb73f875a59, type: 3}
    - target: {fileID: 0}
      propertyPath: m_Animations.Array.data[25]
      value: 
      objectReference: {fileID: 7400014, guid: 449b48f7eb5d87a4baaa5fb73f875a59, type: 3}
    - target: {fileID: 0}
      propertyPath: m_Animations.Array.data[26]
      value: 
      objectReference: {fileID: 7400014, guid: 449b48f7eb5d87a4baaa5fb73f875a59, type: 3}
    - target: {fileID: 0}
      propertyPath: m_Animations.Array.data[27]
      value: 
      objectReference: {fileID: 7400014, guid: 449b48f7eb5d87a4baaa5fb73f875a59, type: 3}
    - target: {fileID: 0}
      propertyPath: m_Animations.Array.data[28]
      value: 
      objectReference: {fileID: 7400014, guid: 449b48f7eb5d87a4baaa5fb73f875a59, type: 3}
    - target: {fileID: 0}
      propertyPath: m_Animations.Array.data[29]
      value: 
      objectReference: {fileID: 7400014, guid: 449b48f7eb5d87a4baaa5fb73f875a59, type: 3}
    - target: {fileID: 0}
      propertyPath: m_Animations.Array.data[30]
      value: 
      objectReference: {fileID: 7400014, guid: 449b48f7eb5d87a4baaa5fb73f875a59, type: 3}
    - target: {fileID: 0}
      propertyPath: m_Animations.Array.data[31]
      value: 
      objectReference: {fileID: 7400014, guid: 449b48f7eb5d87a4baaa5fb73f875a59, type: 3}
    - target: {fileID: 0}
      propertyPath: m_Animations.Array.data[32]
      value: 
      objectReference: {fileID: 7400014, guid: 449b48f7eb5d87a4baaa5fb73f875a59, type: 3}
    - target: {fileID: 0}
      propertyPath: m_Animations.Array.data[33]
      value: 
      objectReference: {fileID: 7400014, guid: 449b48f7eb5d87a4baaa5fb73f875a59, type: 3}
    - target: {fileID: 0}
      propertyPath: m_Animations.Array.data[34]
      value: 
      objectReference: {fileID: 7400014, guid: 449b48f7eb5d87a4baaa5fb73f875a59, type: 3}
    - target: {fileID: 0}
      propertyPath: m_Animations.Array.data[35]
      value: 
      objectReference: {fileID: 7400014, guid: 449b48f7eb5d87a4baaa5fb73f875a59, type: 3}
    - target: {fileID: 0}
      propertyPath: m_Animations.Array.data[36]
      value: 
      objectReference: {fileID: 7400014, guid: 449b48f7eb5d87a4baaa5fb73f875a59, type: 3}
    - target: {fileID: 0}
      propertyPath: m_Animations.Array.data[37]
      value: 
      objectReference: {fileID: 7400014, guid: 449b48f7eb5d87a4baaa5fb73f875a59, type: 3}
    - target: {fileID: 0}
      propertyPath: m_Animations.Array.data[38]
      value: 
      objectReference: {fileID: 7400014, guid: 449b48f7eb5d87a4baaa5fb73f875a59, type: 3}
    - target: {fileID: 0}
      propertyPath: m_Animations.Array.data[39]
      value: 
      objectReference: {fileID: 7400014, guid: 449b48f7eb5d87a4baaa5fb73f875a59, type: 3}
    - target: {fileID: 0}
      propertyPath: m_Animations.Array.data[40]
      value: 
      objectReference: {fileID: 7400014, guid: 449b48f7eb5d87a4baaa5fb73f875a59, type: 3}
    - target: {fileID: 0}
      propertyPath: m_Animations.Array.data[41]
      value: 
      objectReference: {fileID: 7400014, guid: 449b48f7eb5d87a4baaa5fb73f875a59, type: 3}
    - target: {fileID: 0}
      propertyPath: m_Animations.Array.data[42]
      value: 
      objectReference: {fileID: 7400014, guid: 449b48f7eb5d87a4baaa5fb73f875a59, type: 3}
    - target: {fileID: 0}
      propertyPath: m_Animations.Array.data[43]
      value: 
      objectReference: {fileID: 7400014, guid: 449b48f7eb5d87a4baaa5fb73f875a59, type: 3}
    - target: {fileID: 0}
      propertyPath: m_Animations.Array.data[44]
      value: 
      objectReference: {fileID: 7400014, guid: 449b48f7eb5d87a4baaa5fb73f875a59, type: 3}
    - target: {fileID: 0}
      propertyPath: m_Animations.Array.data[45]
      value: 
      objectReference: {fileID: 7400014, guid: 449b48f7eb5d87a4baaa5fb73f875a59, type: 3}
    - target: {fileID: 0}
      propertyPath: m_Animations.Array.data[46]
      value: 
      objectReference: {fileID: 7400014, guid: 449b48f7eb5d87a4baaa5fb73f875a59, type: 3}
    - target: {fileID: 0}
      propertyPath: m_Animations.Array.data[47]
      value: 
      objectReference: {fileID: 7400014, guid: 449b48f7eb5d87a4baaa5fb73f875a59, type: 3}
    - target: {fileID: 0}
      propertyPath: m_Animations.Array.data[48]
      value: 
      objectReference: {fileID: 7400014, guid: 449b48f7eb5d87a4baaa5fb73f875a59, type: 3}
    - target: {fileID: 0}
      propertyPath: m_Animations.Array.data[49]
      value: 
      objectReference: {fileID: 7400014, guid: 449b48f7eb5d87a4baaa5fb73f875a59, type: 3}
    - target: {fileID: 0}
      propertyPath: m_Animations.Array.data[50]
      value: 
      objectReference: {fileID: 7400014, guid: 449b48f7eb5d87a4baaa5fb73f875a59, type: 3}
    - target: {fileID: 0}
      propertyPath: m_Animations.Array.data[51]
      value: 
      objectReference: {fileID: 7400014, guid: 449b48f7eb5d87a4baaa5fb73f875a59, type: 3}
    - target: {fileID: 0}
      propertyPath: m_Animations.Array.data[52]
      value: 
      objectReference: {fileID: 7400014, guid: 449b48f7eb5d87a4baaa5fb73f875a59, type: 3}
    - target: {fileID: 0}
      propertyPath: m_Animations.Array.data[53]
      value: 
      objectReference: {fileID: 7400014, guid: 449b48f7eb5d87a4baaa5fb73f875a59, type: 3}
    - target: {fileID: 0}
      propertyPath: m_Animation
      value: 
      objectReference: {fileID: 7400012, guid: 449b48f7eb5d87a4baaa5fb73f875a59, type: 3}
    - target: {fileID: 0}
      propertyPath: m_Enabled
      value: 1
      objectReference: {fileID: 0}
    - target: {fileID: 0}
      propertyPath: canJump
      value: 0
      objectReference: {fileID: 0}
    - target: {fileID: 0}
      propertyPath: gravity
      value: 0
      objectReference: {fileID: 0}
    m_RemovedComponents: []
  m_ParentPrefab: {fileID: 0}
  m_RootGameObject: {fileID: 165322}
  m_IsPrefabParent: 1
