%YAML 1.1
%TAG !u! tag:unity3d.com,2011:
--- !u!1001 &100100000
Prefab:
  m_ObjectHideFlags: 1
  serializedVersion: 2
  m_Modification:
    m_TransformParent: {fileID: 0}
    m_Modifications: []
    m_RemovedComponents: []
  m_ParentPrefab: {fileID: 0}
  m_RootGameObject: {fileID: 1159886470736428}
  m_IsPrefabParent: 1
--- !u!1 &1159886470736428
GameObject:
  m_ObjectHideFlags: 0
  m_PrefabParentObject: {fileID: 0}
  m_PrefabInternal: {fileID: 100100000}
  serializedVersion: 5
  m_Component:
  - component: {fileID: 4209081209539562}
  - component: {fileID: 54113882402227822}
  - component: {fileID: 114066826548091988}
  - component: {fileID: 114540353089101584}
  - component: {fileID: 114946535260349768}
  - component: {fileID: 114897956818312470}
  - component: {fileID: 114911922329565214}
  - component: {fileID: 114623775316657772}
  m_Layer: 0
  m_Name: PracticeArrow_Small
  m_TagString: Side1
  m_Icon: {fileID: 0}
  m_NavMeshLayer: 0
  m_StaticEditorFlags: 0
  m_IsActive: 1
--- !u!1 &1218809462647108
GameObject:
  m_ObjectHideFlags: 1
  m_PrefabParentObject: {fileID: 0}
  m_PrefabInternal: {fileID: 100100000}
  serializedVersion: 5
  m_Component:
  - component: {fileID: 4278048991263162}
  - component: {fileID: 114259224845227438}
  m_Layer: 0
  m_Name: FxController-Engine
  m_TagString: Untagged
  m_Icon: {fileID: 0}
  m_NavMeshLayer: 0
  m_StaticEditorFlags: 0
  m_IsActive: 1
--- !u!1 &1241786474413588
GameObject:
  m_ObjectHideFlags: 1
  m_PrefabParentObject: {fileID: 0}
  m_PrefabInternal: {fileID: 100100000}
  serializedVersion: 5
  m_Component:
  - component: {fileID: 4121735294507654}
  m_Layer: 0
  m_Name: FlameLocation
  m_TagString: Untagged
  m_Icon: {fileID: 0}
  m_NavMeshLayer: 0
  m_StaticEditorFlags: 0
  m_IsActive: 1
--- !u!1 &1369822619495244
GameObject:
  m_ObjectHideFlags: 1
  m_PrefabParentObject: {fileID: 0}
  m_PrefabInternal: {fileID: 100100000}
  serializedVersion: 5
  m_Component:
  - component: {fileID: 4281557244481396}
  - component: {fileID: 114233465619649468}
  m_Layer: 0
  m_Name: Small Engine
  m_TagString: Untagged
  m_Icon: {fileID: 0}
  m_NavMeshLayer: 0
  m_StaticEditorFlags: 0
  m_IsActive: 1
--- !u!1 &1380471532747862
GameObject:
  m_ObjectHideFlags: 0
  m_PrefabParentObject: {fileID: 0}
  m_PrefabInternal: {fileID: 100100000}
  serializedVersion: 5
  m_Component:
  - component: {fileID: 4312818322850462}
  - component: {fileID: 114358570408800956}
  m_Layer: 0
  m_Name: FxController-Unit
  m_TagString: Untagged
  m_Icon: {fileID: 0}
  m_NavMeshLayer: 0
  m_StaticEditorFlags: 0
  m_IsActive: 1
--- !u!1 &1490124008995232
GameObject:
  m_ObjectHideFlags: 0
  m_PrefabParentObject: {fileID: 0}
  m_PrefabInternal: {fileID: 100100000}
  serializedVersion: 5
  m_Component:
  - component: {fileID: 4329035488226620}
  m_Layer: 0
  m_Name: Roll
  m_TagString: Untagged
  m_Icon: {fileID: 0}
  m_NavMeshLayer: 0
  m_StaticEditorFlags: 0
  m_IsActive: 1
--- !u!1 &1606114089820490
GameObject:
  m_ObjectHideFlags: 1
  m_PrefabParentObject: {fileID: 0}
  m_PrefabInternal: {fileID: 100100000}
  serializedVersion: 5
  m_Component:
  - component: {fileID: 4744611028272696}
  - component: {fileID: 33988237800175122}
  - component: {fileID: 23466279694305938}
  - component: {fileID: 64597577256684316}
  m_Layer: 0
  m_Name: Body
  m_TagString: Untagged
  m_Icon: {fileID: 0}
  m_NavMeshLayer: 0
  m_StaticEditorFlags: 0
  m_IsActive: 1
--- !u!1 &1719088360092194
GameObject:
  m_ObjectHideFlags: 1
  m_PrefabParentObject: {fileID: 0}
  m_PrefabInternal: {fileID: 100100000}
  serializedVersion: 5
  m_Component:
  - component: {fileID: 4743692930607962}
  m_Layer: 0
  m_Name: FlareLocation
  m_TagString: Untagged
  m_Icon: {fileID: 0}
  m_NavMeshLayer: 0
  m_StaticEditorFlags: 0
  m_IsActive: 1
--- !u!1 &1900747343916152
GameObject:
  m_ObjectHideFlags: 1
  m_PrefabParentObject: {fileID: 0}
  m_PrefabInternal: {fileID: 100100000}
  serializedVersion: 5
  m_Component:
  - component: {fileID: 4466916840295862}
  m_Layer: 0
  m_Name: SmokeLocation
  m_TagString: Untagged
  m_Icon: {fileID: 0}
  m_NavMeshLayer: 0
  m_StaticEditorFlags: 0
  m_IsActive: 1
--- !u!1 &1934415165527896
GameObject:
  m_ObjectHideFlags: 1
  m_PrefabParentObject: {fileID: 0}
  m_PrefabInternal: {fileID: 100100000}
  serializedVersion: 5
  m_Component:
  - component: {fileID: 4959330076027698}
  - component: {fileID: 33024878696394316}
  - component: {fileID: 23720141065813468}
  - component: {fileID: 65600693954170260}
  m_Layer: 0
  m_Name: Body
  m_TagString: Untagged
  m_Icon: {fileID: 0}
  m_NavMeshLayer: 0
  m_StaticEditorFlags: 0
  m_IsActive: 1
--- !u!4 &4121735294507654
Transform:
  m_ObjectHideFlags: 1
  m_PrefabParentObject: {fileID: 0}
  m_PrefabInternal: {fileID: 100100000}
  m_GameObject: {fileID: 1241786474413588}
  m_LocalRotation: {x: 0, y: 0, z: 0, w: 1}
  m_LocalPosition: {x: 0, y: 0, z: 0.18}
  m_LocalScale: {x: 1, y: 1, z: 1}
  m_Children: []
  m_Father: {fileID: 4278048991263162}
  m_RootOrder: 1
  m_LocalEulerAnglesHint: {x: 0, y: 0, z: 0}
--- !u!4 &4209081209539562
Transform:
  m_ObjectHideFlags: 1
  m_PrefabParentObject: {fileID: 0}
  m_PrefabInternal: {fileID: 100100000}
  m_GameObject: {fileID: 1159886470736428}
  m_LocalRotation: {x: -0, y: -0, z: -0, w: -1}
  m_LocalPosition: {x: 0, y: 0, z: 0}
  m_LocalScale: {x: 0.5, y: 0.5, z: 0.5}
  m_Children:
  - {fileID: 4329035488226620}
  - {fileID: 4312818322850462}
  m_Father: {fileID: 0}
  m_RootOrder: 0
  m_LocalEulerAnglesHint: {x: 0, y: 180, z: 0}
--- !u!4 &4278048991263162
Transform:
  m_ObjectHideFlags: 1
  m_PrefabParentObject: {fileID: 0}
  m_PrefabInternal: {fileID: 100100000}
  m_GameObject: {fileID: 1218809462647108}
  m_LocalRotation: {x: 0, y: 0, z: 0, w: 1}
  m_LocalPosition: {x: 0, y: 0, z: 0}
  m_LocalScale: {x: 1, y: 1, z: 1}
  m_Children:
  - {fileID: 4743692930607962}
  - {fileID: 4121735294507654}
  m_Father: {fileID: 4281557244481396}
  m_RootOrder: 1
  m_LocalEulerAnglesHint: {x: 0, y: 0, z: 0}
--- !u!4 &4281557244481396
Transform:
  m_ObjectHideFlags: 1
  m_PrefabParentObject: {fileID: 0}
  m_PrefabInternal: {fileID: 100100000}
  m_GameObject: {fileID: 1369822619495244}
  m_LocalRotation: {x: -0, y: -1, z: -0, w: 0}
  m_LocalPosition: {x: 0, y: -0.545, z: -2.33}
  m_LocalScale: {x: 0.5, y: 0.5, z: 0.5}
  m_Children:
  - {fileID: 4959330076027698}
  - {fileID: 4278048991263162}
  m_Father: {fileID: 4329035488226620}
  m_RootOrder: 1
  m_LocalEulerAnglesHint: {x: 0, y: 180, z: 0}
--- !u!4 &4312818322850462
Transform:
  m_ObjectHideFlags: 1
  m_PrefabParentObject: {fileID: 0}
  m_PrefabInternal: {fileID: 100100000}
  m_GameObject: {fileID: 1380471532747862}
  m_LocalRotation: {x: 0, y: 0, z: 0, w: 1}
  m_LocalPosition: {x: 0, y: 0, z: 0}
  m_LocalScale: {x: 3, y: 3, z: 3}
  m_Children: []
  m_Father: {fileID: 4209081209539562}
  m_RootOrder: 1
  m_LocalEulerAnglesHint: {x: 0, y: 0, z: 0}
--- !u!4 &4329035488226620
Transform:
  m_ObjectHideFlags: 1
  m_PrefabParentObject: {fileID: 0}
  m_PrefabInternal: {fileID: 100100000}
  m_GameObject: {fileID: 1490124008995232}
  m_LocalRotation: {x: 0, y: 0, z: 0, w: 1}
  m_LocalPosition: {x: 0, y: 0, z: 0}
  m_LocalScale: {x: 1, y: 1, z: 1}
  m_Children:
  - {fileID: 4744611028272696}
  - {fileID: 4281557244481396}
  - {fileID: 4466916840295862}
  m_Father: {fileID: 4209081209539562}
  m_RootOrder: 0
  m_LocalEulerAnglesHint: {x: 0, y: 0, z: 0}
--- !u!4 &4466916840295862
Transform:
  m_ObjectHideFlags: 1
  m_PrefabParentObject: {fileID: 0}
  m_PrefabInternal: {fileID: 100100000}
  m_GameObject: {fileID: 1900747343916152}
  m_LocalRotation: {x: -0.7071068, y: 0, z: 0, w: 0.7071068}
  m_LocalPosition: {x: 0, y: 0.177, z: -2.051}
  m_LocalScale: {x: 1, y: 1, z: 1}
  m_Children: []
  m_Father: {fileID: 4329035488226620}
  m_RootOrder: 2
  m_LocalEulerAnglesHint: {x: -90, y: 0, z: 0}
--- !u!4 &4743692930607962
Transform:
  m_ObjectHideFlags: 1
  m_PrefabParentObject: {fileID: 0}
  m_PrefabInternal: {fileID: 100100000}
  m_GameObject: {fileID: 1719088360092194}
  m_LocalRotation: {x: -0, y: -0, z: -0, w: 1}
  m_LocalPosition: {x: 0, y: 0, z: 0.27}
  m_LocalScale: {x: 1, y: 1, z: 1}
  m_Children: []
  m_Father: {fileID: 4278048991263162}
  m_RootOrder: 0
  m_LocalEulerAnglesHint: {x: 0, y: 0, z: 0}
--- !u!4 &4744611028272696
Transform:
  m_ObjectHideFlags: 1
  m_PrefabParentObject: {fileID: 0}
  m_PrefabInternal: {fileID: 100100000}
  m_GameObject: {fileID: 1606114089820490}
  m_LocalRotation: {x: 0.000000115202326, y: 0.7071067, z: 0.7071068, w: -0.00000011520231}
  m_LocalPosition: {x: 0, y: 0, z: 0}
  m_LocalScale: {x: 5, y: 5, z: 5}
  m_Children: []
  m_Father: {fileID: 4329035488226620}
  m_RootOrder: 0
  m_LocalEulerAnglesHint: {x: 0, y: 0, z: 0}
--- !u!4 &4959330076027698
Transform:
  m_ObjectHideFlags: 1
  m_PrefabParentObject: {fileID: 0}
  m_PrefabInternal: {fileID: 100100000}
  m_GameObject: {fileID: 1934415165527896}
  m_LocalRotation: {x: -0.7071068, y: 0, z: 0, w: 0.7071068}
  m_LocalPosition: {x: 0, y: 0, z: -2}
  m_LocalScale: {x: 1, y: 1, z: 1}
  m_Children: []
  m_Father: {fileID: 4281557244481396}
  m_RootOrder: 0
  m_LocalEulerAnglesHint: {x: -90, y: 0, z: 0}
--- !u!23 &23466279694305938
MeshRenderer:
  m_ObjectHideFlags: 1
  m_PrefabParentObject: {fileID: 0}
  m_PrefabInternal: {fileID: 100100000}
  m_GameObject: {fileID: 1606114089820490}
  m_Enabled: 1
  m_CastShadows: 1
  m_ReceiveShadows: 1
  m_DynamicOccludee: 1
  m_MotionVectors: 1
  m_LightProbeUsage: 1
  m_ReflectionProbeUsage: 1
  m_Materials:
  - {fileID: 2100000, guid: 315fadf744589408e895a29c79cba6a3, type: 2}
  m_StaticBatchInfo:
    firstSubMesh: 0
    subMeshCount: 0
  m_StaticBatchRoot: {fileID: 0}
  m_ProbeAnchor: {fileID: 0}
  m_LightProbeVolumeOverride: {fileID: 0}
  m_ScaleInLightmap: 1
  m_PreserveUVs: 0
  m_IgnoreNormalsForChartDetection: 0
  m_ImportantGI: 0
  m_StitchLightmapSeams: 0
  m_SelectedEditorRenderState: 3
  m_MinimumChartSize: 4
  m_AutoUVMaxDistance: 0.5
  m_AutoUVMaxAngle: 89
  m_LightmapParameters: {fileID: 0}
  m_SortingLayerID: 0
  m_SortingLayer: 0
  m_SortingOrder: 0
--- !u!23 &23720141065813468
MeshRenderer:
  m_ObjectHideFlags: 1
  m_PrefabParentObject: {fileID: 0}
  m_PrefabInternal: {fileID: 100100000}
  m_GameObject: {fileID: 1934415165527896}
  m_Enabled: 1
  m_CastShadows: 1
  m_ReceiveShadows: 1
  m_DynamicOccludee: 1
  m_MotionVectors: 1
  m_LightProbeUsage: 1
  m_ReflectionProbeUsage: 1
  m_Materials:
  - {fileID: 2100000, guid: 6669ee38058b541389a443ff5fb52cd4, type: 2}
  m_StaticBatchInfo:
    firstSubMesh: 0
    subMeshCount: 0
  m_StaticBatchRoot: {fileID: 0}
  m_ProbeAnchor: {fileID: 0}
  m_LightProbeVolumeOverride: {fileID: 0}
  m_ScaleInLightmap: 1
  m_PreserveUVs: 0
  m_IgnoreNormalsForChartDetection: 0
  m_ImportantGI: 0
  m_StitchLightmapSeams: 0
  m_SelectedEditorRenderState: 3
  m_MinimumChartSize: 4
  m_AutoUVMaxDistance: 0.5
  m_AutoUVMaxAngle: 89
  m_LightmapParameters: {fileID: 0}
  m_SortingLayerID: 0
  m_SortingLayer: 0
  m_SortingOrder: 0
--- !u!33 &33024878696394316
MeshFilter:
  m_ObjectHideFlags: 1
  m_PrefabParentObject: {fileID: 0}
  m_PrefabInternal: {fileID: 100100000}
  m_GameObject: {fileID: 1934415165527896}
  m_Mesh: {fileID: 4300000, guid: 213f9e5d8fc6041deaf254f317490de6, type: 3}
--- !u!33 &33988237800175122
MeshFilter:
  m_ObjectHideFlags: 1
  m_PrefabParentObject: {fileID: 0}
  m_PrefabInternal: {fileID: 100100000}
  m_GameObject: {fileID: 1606114089820490}
  m_Mesh: {fileID: 4300000, guid: 62db8b4f2f2934858b3d4dd028a6e449, type: 3}
--- !u!54 &54113882402227822
Rigidbody:
  m_ObjectHideFlags: 1
  m_PrefabParentObject: {fileID: 0}
  m_PrefabInternal: {fileID: 100100000}
  m_GameObject: {fileID: 1159886470736428}
  serializedVersion: 2
  m_Mass: 500
  m_Drag: 1
  m_AngularDrag: 1
  m_UseGravity: 0
  m_IsKinematic: 0
  m_Interpolate: 0
  m_Constraints: 0
  m_CollisionDetection: 0
--- !u!64 &64597577256684316
MeshCollider:
  m_ObjectHideFlags: 1
  m_PrefabParentObject: {fileID: 0}
  m_PrefabInternal: {fileID: 100100000}
  m_GameObject: {fileID: 1606114089820490}
  m_Material: {fileID: 13400000, guid: 91dd3912e70184b79916e14fa2e537f3, type: 2}
  m_IsTrigger: 0
  m_Enabled: 1
  serializedVersion: 3
  m_Convex: 1
  m_CookingOptions: 14
  m_SkinWidth: 0.01
  m_Mesh: {fileID: 4300000, guid: 62db8b4f2f2934858b3d4dd028a6e449, type: 3}
--- !u!65 &65600693954170260
BoxCollider:
  m_ObjectHideFlags: 1
  m_PrefabParentObject: {fileID: 0}
  m_PrefabInternal: {fileID: 100100000}
  m_GameObject: {fileID: 1934415165527896}
  m_Material: {fileID: 0}
  m_IsTrigger: 0
  m_Enabled: 1
  serializedVersion: 2
  m_Size: {x: 0.85, y: 3.71, z: 0.85}
  m_Center: {x: -0.0044894814, y: -0.25, z: -0.010838005}
--- !u!114 &114066826548091988
MonoBehaviour:
  m_ObjectHideFlags: 1
  m_PrefabParentObject: {fileID: 0}
  m_PrefabInternal: {fileID: 100100000}
  m_GameObject: {fileID: 1159886470736428}
  m_Enabled: 1
  m_EditorHideFlags: 0
  m_Script: {fileID: 11500000, guid: 9b43765c94f8a4caaae40537e58fa44e, type: 3}
  m_Name: 
  m_EditorClassIdentifier: 
  _navTarget: {fileID: 0}
  useIntercept: 1
  interceptForPlatform: {fileID: 0}
  monitor: 0
  goalProx: 0
  navTargetAim: {x: 0, y: 0, z: 0}
  myRigidbody: {fileID: 0}
  velocity: {x: 0, y: 0, z: 0}
  turnSpeed: 0
  fxScript: []
  throttle: 0
  rollTransform: {fileID: 0}
  turnRate: 50
  slowDownForTurns: 0
  bankRate: 20
  bankAngleMax: 45
  throttleMin: 0
  throttleMax: 1
  throttleRate: 1
  maintainHeightRange: 0
  heightRange: {x: 0, y: 0}
  thrustAtEngineLoc: 0
  thrusters:
  - engine: {fileID: 114233465619649468}
    thrustSource: 1
    customThrust: 400000
    thrust: 400000
--- !u!114 &114233465619649468
MonoBehaviour:
  m_ObjectHideFlags: 1
  m_PrefabParentObject: {fileID: 0}
  m_PrefabInternal: {fileID: 100100000}
  m_GameObject: {fileID: 1369822619495244}
  m_Enabled: 1
  m_EditorHideFlags: 0
  m_Script: {fileID: 11500000, guid: eda9ee54a0c454d04b4ebae437bb247a, type: 3}
  m_Name: 
  m_EditorClassIdentifier: 
  strength: 0
  monitor: 1
  fxScript: []
  monitorMin: 0.3
  monitorMax: 1
--- !u!114 &114259224845227438
MonoBehaviour:
  m_ObjectHideFlags: 1
  m_PrefabParentObject: {fileID: 0}
  m_PrefabInternal: {fileID: 100100000}
  m_GameObject: {fileID: 1218809462647108}
  m_Enabled: 1
  m_EditorHideFlags: 0
  m_Script: {fileID: 11500000, guid: c37e84570a4b54e71ba4354ad3a11613, type: 3}
  m_Name: 
  m_EditorClassIdentifier: 
  detachAt: 0
  transferMotion: 0
  fxList:
  - obj: {fileID: 1024445086174104, guid: b91fc9d14c4ad4e07aa974b789dd656e, type: 2}
    active: 7
    op: 4
    percent: 0
    location: {fileID: 4743692930607962}
    alive: 1
    once: 0
    duration: 0
    minTime: 0
    maxTime: 0
    sendValue: 1
    invertValue: 0
    tObj: {fileID: 0}
    particle: {fileID: 0}
    flare: {fileID: 0}
    trail: {fileID: 0}
    audio: {fileID: 0}
    trailOrigTime: 0
    thisScript: {fileID: 114259224845227438}
    statsScript: {fileID: 114897956818312470}
    fxDuration: 0.2
    beginFlag: 0
    endFlag: 0
  - obj: {fileID: 1947565783904146, guid: bce0ac413bb9d4f59895f79a869d1403, type: 2}
    active: 7
    op: 4
    percent: 0
    location: {fileID: 4121735294507654}
    alive: 1
    once: 0
    duration: 0
    minTime: 0
    maxTime: 0
    sendValue: 1
    invertValue: 0
    tObj: {fileID: 0}
    particle: {fileID: 0}
    flare: {fileID: 0}
    trail: {fileID: 0}
    audio: {fileID: 0}
    trailOrigTime: 0
    thisScript: {fileID: 114259224845227438}
    statsScript: {fileID: 114897956818312470}
    fxDuration: 0.3
    beginFlag: 0
    endFlag: 0
--- !u!114 &114358570408800956
MonoBehaviour:
  m_ObjectHideFlags: 1
  m_PrefabParentObject: {fileID: 0}
  m_PrefabInternal: {fileID: 100100000}
  m_GameObject: {fileID: 1380471532747862}
  m_Enabled: 1
  m_EditorHideFlags: 0
  m_Script: {fileID: 11500000, guid: c37e84570a4b54e71ba4354ad3a11613, type: 3}
  m_Name: 
  m_EditorClassIdentifier: 
  detachAt: 0
  transferMotion: 0
  fxList:
  - obj: {fileID: 1210344490636930, guid: 61389d7f27b804c0f92c0a865ac57a9d, type: 2}
    active: 5
    op: 3
    percent: 0.5
    location: {fileID: 4466916840295862}
    alive: 1
    once: 0
    duration: 0
    minTime: 0
    maxTime: 0
    sendValue: 0
    invertValue: 0
    tObj: {fileID: 0}
    particle: {fileID: 0}
    flare: {fileID: 0}
    trail: {fileID: 0}
    audio: {fileID: 0}
    trailOrigTime: 0
    thisScript: {fileID: 114358570408800956}
    statsScript: {fileID: 114897956818312470}
    fxDuration: 5
    beginFlag: 0
    endFlag: 0
  - obj: {fileID: 1668055663722926, guid: 48d60e6fc5e124f1a9d403bc51d4df16, type: 2}
    active: 2
    op: 3
    percent: 0.3
    location: {fileID: 4312818322850462}
    alive: 1
    once: 0
    duration: 0
    minTime: 0
    maxTime: 0
    sendValue: 0
    invertValue: 0
    tObj: {fileID: 0}
    particle: {fileID: 0}
    flare: {fileID: 0}
    trail: {fileID: 0}
    audio: {fileID: 0}
    trailOrigTime: 0
    thisScript: {fileID: 114358570408800956}
    statsScript: {fileID: 114897956818312470}
    fxDuration: 0.5
    beginFlag: 0
    endFlag: 0
--- !u!114 &114540353089101584
MonoBehaviour:
  m_ObjectHideFlags: 1
  m_PrefabParentObject: {fileID: 0}
  m_PrefabInternal: {fileID: 100100000}
  m_GameObject: {fileID: 1159886470736428}
  m_Enabled: 1
  m_EditorHideFlags: 0
  m_Script: {fileID: 11500000, guid: 37b3c0a10291e4678a5211ae31b47e0d, type: 3}
  m_Name: 
  m_EditorClassIdentifier: 
  navMode: 0
  navTarget: {fileID: 0}
  _waypointGroup: {fileID: 0}
  waypoints: []
  randomWpt: 0
  curWpt: 0
  waypointProx: 5
  targetProx: 5
  stopAtLastWpt: 0
  targetingScript: {fileID: 0}
  mobilityScript: {fileID: 0}
--- !u!114 &114623775316657772
MonoBehaviour:
  m_ObjectHideFlags: 1
  m_PrefabParentObject: {fileID: 0}
  m_PrefabInternal: {fileID: 100100000}
  m_GameObject: {fileID: 1159886470736428}
  m_Enabled: 1
  m_EditorHideFlags: 0
  m_Script: {fileID: 11500000, guid: 039dfc7e753bd42a8a59285d15464252, type: 3}
  m_Name: 
  m_EditorClassIdentifier: 
  delay: 0
  poolScript: {fileID: 0}
  timeSpawned: 0
--- !u!114 &114897956818312470
MonoBehaviour:
  m_ObjectHideFlags: 1
  m_PrefabParentObject: {fileID: 0}
  m_PrefabInternal: {fileID: 100100000}
  m_GameObject: {fileID: 1159886470736428}
  m_Enabled: 1
  m_EditorHideFlags: 0
  m_Script: {fileID: 11500000, guid: fbae9e821a2f74988bdaecf7f1ab8003, type: 3}
  m_Name: 
  m_EditorClassIdentifier: 
  _shield: 0
  _shieldMax: 0
  _armor: 0
  _armorMax: 0
  _health: 2
  _healthMax: 2
  _energy: 0
  _energyMax: 0
  size: 0
  disableAt: 1
  dyingDuration: 1
  deathDuration: 0.2
  fxScript: []
  statsScript: []
  damageID: 0
  poolRefScript: {fileID: 0}
  initialized: 0
--- !u!114 &114911922329565214
MonoBehaviour:
  m_ObjectHideFlags: 1
  m_PrefabParentObject: {fileID: 0}
  m_PrefabInternal: {fileID: 100100000}
  m_GameObject: {fileID: 1159886470736428}
  m_Enabled: 1
  m_EditorHideFlags: 0
  m_Script: {fileID: 11500000, guid: c1df90be34d974a23ae9f8d50a215487, type: 3}
  m_Name: 
  m_EditorClassIdentifier: 
  targetListScript: {fileID: 0}
  targetingScript: {fileID: 0}
  navigationScript: {fileID: 0}
  NoTargetList: 0
  NoTargetingScript: 0
  NoNavigationScript: 0
  clickObjectBase: {fileID: 0}
  selectable: 0
  allowClickTargeting: 1
  clickTargetPersistance: 1
  prioritizeClickTargets: 1
  clickTargetable: 1
  selectionManager: {fileID: 11489470, guid: 264cb958235894f059d9aafd19a6d718, type: 2}
  showSelected: 1
  showNavigation: 1
  showTargeting: 1
  markSize: 0
  otherTargScripts: []
  myId: 0
  cScript: {fileID: 0}
  selectedMark: {fileID: 0}
  detectedMark: {fileID: 0}
  analyzedMark: {fileID: 0}
  weaponTargetMark: {fileID: 0}
  navTargetMark: {fileID: 0}
  isPointOfInterest: 0
  poiMark: {fileID: 0}
--- !u!114 &114946535260349768
MonoBehaviour:
  m_ObjectHideFlags: 1
  m_PrefabParentObject: {fileID: 0}
  m_PrefabInternal: {fileID: 100100000}
  m_GameObject: {fileID: 1159886470736428}
  m_Enabled: 1
  m_EditorHideFlags: 0
  m_Script: {fileID: 11500000, guid: cd70c0e98ca684f2c9ffce735189391f, type: 3}
  m_Name: 
  m_EditorClassIdentifier: 
  factions:
    enemies: 01000000
    allies: 020000000300000004000000
    neutral: 
  selectionScript: {fileID: 0}
  myFaction: 0
  myFactionMethod: 1
